

%%%%%%%%%%% PPI %%%%%%%%%%%%%%%%%%%%%%%%
%%%%%%%%%%% PPI %%%%%%%%%%%%%%%%%%%%%%%%\\
%%%%%%%%%%% PPI %%%%%%%%%%%%%%%%%%%%%%%%
%%%%%%%%%%% PPI %%%%%%%%%%%%%%%%%%%%%%%%
@article{jha2023prediction,
	title={Prediction of Protein-Protein Interactions Using Vision Transformer and Language Model},
	author={Jha, Kanchan and Saha, Sriparna and Karmakar, Sourav},
	journal={IEEE/ACM Transactions on Computational Biology and Bioinformatics},
	year={2023},
	publisher={IEEE}
}

@article{hu2022deep,
	title={Deep learning frameworks for protein--protein interaction prediction},
	author={Hu, Xiaotian and Feng, Cong and Ling, Tianyi and Chen, Ming},
	journal={Computational and Structural Biotechnology Journal},
	volume={20},
	pages={3223--3233},
	year={2022},
	publisher={Elsevier}
}


@article{rao2014protein,
	title={Protein-protein interaction detection: methods and analysis},
	author={Rao, V Srinivasa and Srinivas, K and Sujini, GN and Kumar, GN},
	journal={International journal of proteomics},
	volume={2014},
	year={2014},
	publisher={Hindawi}
}

%%%%%%%%%%% PPI %%%%%%%%%%%%%%%%%%%%%%%%
%%%%%%%%%%% PPI %%%%%%%%%%%%%%%%%%%%%%%%
%%%%%%%%%%% PPI %%%%%%%%%%%%%%%%%%%%%%%%
%%%%%%%%%%% PPI %%%%%%%%%%%%%%%%%%%%%%%%

@article{janeway1997immunobiology,
	title={Immunobiology the immune system in health and disease},
	author={Janeway Jr, Charles A},
	journal={Artes Medicas},
	year={1997}
}

@article{wieczorek2017major,
	title={Major histocompatibility complex (MHC) class I and MHC class II proteins: conformational plasticity in antigen presentation},
	author={Wieczorek, Marek and Abualrous, Esam T and Sticht, Jana and {\'A}lvaro-Benito, Miguel and Stolzenberg, Sebastian and No{\'e}, Frank and Freund, Christian},
	journal={Frontiers in immunology},
	volume={8},
	pages={292},
	year={2017},
	publisher={Frontiers Media SA}
}

@article{thakur2022pursuit,
	title={In pursuit of next-generation therapeutics: Antimicrobial peptides against superbugs, their sources, mechanism of action, nanotechnology-based delivery, and clinical applications},
	author={Thakur, Akshita and Sharma, Akanksha and Alajangi, Hema K and Jaiswal, Pradeep Kumar and Lim, Yong-beom and Singh, Gurpal and Barnwal, Ravi Pratap},
	journal={International Journal of Biological Macromolecules},
	year={2022},
	publisher={Elsevier}
}

@article{durgeau2018recent,
	title={Recent advances in targeting CD8 T-cell immunity for more effective cancer immunotherapy},
	author={Durgeau, Aur{\'e}lie and Virk, Yasemin and Corgnac, St{\'e}phanie and Mami-Chouaib, Fathia},
	journal={Frontiers in immunology},
	volume={9},
	pages={14},
	year={2018},
	publisher={Frontiers Media SA}
}

@article{kim2009derivation,
	title={Derivation of an amino acid similarity matrix for peptide: MHC binding and its application as a Bayesian prior},
	author={Kim, Yohan and Sidney, John and Pinilla, Clemencia and Sette, Alessandro and Peters, Bjoern},
	journal={BMC bioinformatics},
	volume={10},
	pages={1--11},
	year={2009},
	publisher={Springer}
}

@article{peng2019neoantigen,
	title={Neoantigen vaccine: an emerging tumor immunotherapy},
	author={Peng, Miao and Mo, Yongzhen and Wang, Yian and Wu, Pan and Zhang, Yijie and Xiong, Fang and Guo, Can and Wu, Xu and Li, Yong and Li, Xiaoling and others},
	journal={Molecular cancer},
	volume={18},
	number={1},
	pages={1--14},
	year={2019},
	publisher={BioMed Central}
}
@article{thakur2022pursuit,
	title={In pursuit of next-generation therapeutics: Antimicrobial peptides against superbugs, their sources, mechanism of action, nanotechnology-based delivery, and clinical applications},
	author={Thakur, Akshita and Sharma, Akanksha and Alajangi, Hema K and Jaiswal, Pradeep Kumar and Lim, Yong-beom and Singh, Gurpal and Barnwal, Ravi Pratap},
	journal={International Journal of Biological Macromolecules},
	year={2022},
	publisher={Elsevier}
}

@article{rammensee1999syfpeithi,
	title={SYFPEITHI: database for MHC ligands and peptide motifs},
	author={Rammensee, H-G and Bachmann, Jutta and Emmerich, Niels Philipp Nikolaus and Bachor, Oskar Alexander and Stevanovi{\'c}, SSYFPEITHI},
	journal={Immunogenetics},
	volume={50},
	pages={213--219},
	year={1999},
	publisher={Springer}
}
@article{reche2002prediction,
	title={Prediction of MHC class I binding peptides using profile motifs},
	author={Reche, Pedro A and Glutting, John-Paul and Reinherz, Ellis L},
	journal={Human immunology},
	volume={63},
	number={9},
	pages={701--709},
	year={2002},
	publisher={Elsevier}
}
@article{kim2009derivation,
	title={Derivation of an amino acid similarity matrix for peptide: MHC binding and its application as a Bayesian prior},
	author={Kim, Yohan and Sidney, John and Pinilla, Clemencia and Sette, Alessandro and Peters, Bjoern},
	journal={BMC bioinformatics},
	volume={10},
	pages={1--11},
	year={2009},
	publisher={Springer}
}
@article{nielsen2016netmhcpan,
	title={NetMHCpan-3.0; improved prediction of binding to MHC class I molecules integrating information from multiple receptor and peptide length datasets},
	author={Nielsen, Morten and Andreatta, Massimo},
	journal={Genome medicine},
	volume={8},
	number={1},
	pages={1--9},
	year={2016},
	publisher={BioMed Central}
}
@article{vang2017hla,
	title={HLA class I binding prediction via convolutional neural networks},
	author={Vang, Yeeleng S and Xie, Xiaohui},
	journal={Bioinformatics},
	volume={33},
	number={17},
	pages={2658--2665},
	year={2017},
	publisher={Oxford University Press}
}
@article{rammensee1999syfpeithi,
	title={SYFPEITHI: database for MHC ligands and peptide motifs},
	author={Rammensee, H-G and Bachmann, Jutta and Emmerich, Niels Philipp Nikolaus and Bachor, Oskar Alexander and Stevanovi{\'c}, SSYFPEITHI},
	journal={Immunogenetics},
	volume={50},
	pages={213--219},
	year={1999},
	publisher={Springer}
}
@article{hu2019acme,
	title={ACME: pan-specific peptide--MHC class I binding prediction through attention-based deep neural networks},
	author={Hu, Yan and Wang, Ziqiang and Hu, Hailin and Wan, Fangping and Chen, Lin and Xiong, Yuanpeng and Wang, Xiaoxia and Zhao, Dan and Huang, Weiren and Zeng, Jianyang},
	journal={Bioinformatics},
	volume={35},
	number={23},
	pages={4946--4954},
	year={2019},
	publisher={Oxford University Press}
}

@inproceedings{machaca2023deep,
	title={Deep Learning and Transformers in MHC-Peptide Binding and Presentation Towards Personalized Vaccines in Cancer Immunology: A Brief Review},
	author={Machaca, Vicente Enrique and Goyzueta, Valeria and Cruz, Maria and Tupac, Yvan},
	booktitle={International Conference on Practical Applications of Computational Biology \& Bioinformatics},
	pages={14--23},
	year={2023},
	organization={Springer}
}

@inproceedings{arceda2023neoantigen,
	title={Neoantigen Detection Using Transformers and Transfer Learning in the Cancer Immunology Context},
	author={Arceda, Vicente Enrique Machaca},
	booktitle={International Conference on Practical Applications of Computational Biology \& Bioinformatics},
	pages={97--102},
	year={2023},
	organization={Springer}
}

@article{bravi2021rbm,
	title={RBM-MHC: a semi-supervised machine-learning method for sample-specific prediction of antigen presentation by HLA-I alleles},
	author={Bravi, Barbara and Tubiana, J{\'e}r{\^o}me and Cocco, Simona and Monasson, Remi and Mora, Thierry and Walczak, Aleksandra M},
	journal={Cell systems},
	volume={12},
	number={2},
	pages={195--202},
	year={2021},
	publisher={Elsevier}
}
@article{mei2021anthem,
	title={Anthem: a user customised tool for fast and accurate prediction of binding between peptides and HLA class I molecules},
	author={Mei, Shutao and Li, Fuyi and Xiang, Dongxu and Ayala, Rochelle and Faridi, Pouya and Webb, Geoffrey I and Illing, Patricia T and Rossjohn, Jamie and Akutsu, Tatsuya and Croft, Nathan P and others},
	journal={Briefings in Bioinformatics},
	volume={22},
	number={5},
	pages={bbaa415},
	year={2021},
	publisher={Oxford University Press}
}
@inproceedings{arceda2023neoantigen,
	title={Neoantigen Detection Using Transformers and Transfer Learning in the Cancer Immunology Context},
	author={Machaca, Vicente Machaca Arceda},
	booktitle={International Conference on Practical Applications of Computational Biology \& Bioinformatics},
	pages={97--102},
	year={2023},
	organization={Springer}
}

@inproceedings{machaca2023deep,
	title={Deep Learning and Transformers in MHC-Peptide Binding and Presentation Towards Personalized Vaccines in Cancer Immunology: A Brief Review},
	author={Machaca, Vicente Enrique and Goyzueta, Valeria and Cruz, Maria and Tupac, Yvan},
	booktitle={International Conference on Practical Applications of Computational Biology \& Bioinformatics},
	pages={14--23},
	year={2023},
	organization={Springer}
}

%%%%%%%%%%%%%%%%%%%%%%%%%%%%%%%%%%%%%%%%%%%%%%%%%%%%%%%%%%%%
%% DAG SCHEDULING USING A LOOKAHEAD VARIANT OF THE HEFT   %%
%%%%%%%%%%%%%%%%%%%%%%%%%%%%%%%%%%%%%%%%%%%%%%%%%%%%%%%%%%%%
@inproceedings{Bittencourt-Lookahead2010,
	author = {Bittencourt, Luiz F. and Sakellariou, Rizos and Madeira, Edmundo R.  M.},
	title = {DAG Scheduling Using a Lookahead Variant of the Heterogeneous Earliest Finish Time Algorithm},
	booktitle = {Proceedings of the 2010 18th Euromicro Conference on Parallel, Distributed and Network-based Processing},
	series = {PDP '10},
	year = {2010},
	isbn = {978-0-7695-3939-3},
	pages = {27--34},
	numpages = {8},
	url = {http://dx.doi.org/10.1109/PDP.2010.56},
	doi = {10.1109/PDP.2010.56},
	acmid = {1800391},
	publisher = {IEEE Computer Society},
	address = {Washington, DC, USA},
} 


@article{andreatta2016gapped,
	title={Gapped sequence alignment using artificial neural networks: application to the MHC class I system},
	author={Andreatta, Massimo and Nielsen, Morten},
	journal={Bioinformatics},
	volume={32},
	number={4},
	pages={511--517},
	year={2016},
	publisher={Oxford University Press}
}

@article{patwardhan2023transformers,
	title={Transformers in the Real World: A Survey on NLP Applications},
	author={Patwardhan, Narendra and Marrone, Stefano and Sansone, Carlo},
	journal={Information},
	volume={14},
	number={4},
	pages={242},
	year={2023},
	publisher={MDPI}
}


@article{jing2023dapnet,
	title={DapNet-HLA: Adaptive dual-attention mechanism network based on deep learning to predict non-classical HLA binding sites},
	author={Jing, Yuanyuan and Zhang, Shengli and Wang, Houqiang},
	journal={Analytical Biochemistry},
	volume={666},
	pages={115075},
	year={2023},
	publisher={Elsevier}
}
%%%%%%%%%%%%%%%%%%%%%%%%%%%%%%%%%%%%%%%%%%%%%%%%%%%%%%%%%%%%%%
%%%%%%%%%%%%%%%%%%%%%%%%%%%%%%%%%%%%%%%%%%%%%%%%%%%%%%%%%%%%%%
%%%%%%%%%%%%%%%%%%%%%%%%%%%%%%%%%%%%%%%%%%%%%%%%%%%%%%%%%%%%%%

@article{zhouprioritizing,
	title={Prioritizing candidate peptides for cancer vaccines through predicting peptide presentation by HLA-I proteins},
	author={Zhou, Laura Y and Zou, Fei and Sun, Wei},
	journal={Biometrics},
	year={2022},
	publisher={Wiley Online Library}
}


@article{steinegger2018clustering,
	title={Clustering huge protein sequence sets in linear time},
	author={Steinegger, Martin and S{\"o}ding, Johannes},
	journal={Nature communications},
	volume={9},
	number={1},
	pages={1--8},
	year={2018},
	publisher={Nature Publishing Group}
}

@article{vaswani2017attention,
	title={Attention is all you need},
	author={Vaswani, Ashish and Shazeer, Noam and Parmar, Niki and Uszkoreit, Jakob and Jones, Llion and Gomez, Aidan N and Kaiser, {\L}ukasz and Polosukhin, Illia},
	journal={Advances in neural information processing systems},
	volume={30},
	year={2017}
}

@article{bahdanau2014neural,
	title={Neural machine translation by jointly learning to align and translate},
	author={Bahdanau, Dzmitry and Cho, Kyunghyun and Bengio, Yoshua},
	journal={arXiv preprint arXiv:1409.0473},
	year={2014}
}
@article{kim2017structured,
	title={Structured attention networks},
	author={Kim, Yoon and Denton, Carl and Hoang, Luong and Rush, Alexander M},
	journal={arXiv preprint arXiv:1702.00887},
	year={2017}
}

@article{parikh2016decomposable,
	title={A decomposable attention model for natural language inference},
	author={Parikh, Ankur P and T{\"a}ckstr{\"o}m, Oscar and Das, Dipanjan and Uszkoreit, Jakob},
	journal={arXiv preprint arXiv:1606.01933},
	year={2016}
}



@article{lang2021neofox,
	title={NeoFox: annotating neoantigen candidates with neoantigen features},
	author={Lang, Franziska and Riesgo-Ferreiro, Pablo and L{\""o}wer, Martin and Sahin, Ugur and Schr{\""o}rs, Barbara},
	journal={Bioinformatics},
	volume={37},
	number={22},
	pages={4246--4247},
	year={2021},
	publisher={Oxford University Press}
}
@article{xu2021dlptcr,
	title={DLpTCR: an ensemble deep learning framework for predicting immunogenic peptide recognized by T cell receptor},
	author={Xu, Zhaochun and Luo, Meng and Lin, Weizhong and Xue, Guangfu and Wang, Pingping and Jin, Xiyun and Xu, Chang and Zhou, Wenyang and Cai, Yideng and Yang, Wenyi and others},
	journal={Briefings in Bioinformatics},
	volume={22},
	number={6},
	pages={bbab335},
	year={2021},
	publisher={Oxford University Press}
}
@article{mason2021optimization,
	title={Optimization of therapeutic antibodies by predicting antigen specificity from antibody sequence via deep learning},
	author={Mason, Derek M and Friedensohn, Simon and Weber, C{\'e}dric R and Jordi, Christian and Wagner, Bastian and Meng, Simon M and Ehling, Roy A and Bonati, Lucia and Dahinden, Jan and Gainza, Pablo and others},
	journal={Nature Biomedical Engineering},
	volume={5},
	number={6},
	pages={600--612},
	year={2021},
	publisher={Nature Publishing Group}
}

@article{sidhom2021deeptcr,
	title={DeepTCR is a deep learning framework for revealing sequence concepts within T-cell repertoires},
	author={Sidhom, John-William and Larman, H Benjamin and Pardoll, Drew M and Baras, Alexander S},
	journal={Nature communications},
	volume={12},
	number={1},
	pages={1--12},
	year={2021},
	publisher={Nature Publishing Group}
}

@article{eddy2004did,
	title={Where did the BLOSUM62 alignment score matrix come from?},
	author={Eddy, Sean R},
	journal={Nature biotechnology},
	volume={22},
	number={8},
	pages={1035--1036},
	year={2004},
	publisher={Nature Publishing Group}
}



@article{jindeep,
	title={Deep convolutional neural network and attention mechanism based pan-specific model for interpretable MHC-I peptide binding prediction},
	author={Jin, Jing and Liu, Zhonghao and Nasiri, Alireza and Cui, Yuxin and Louis, Stephen and Zhang, Ansi and Zhao, Yong and Hu, Jianjun}
}

@article{lee2021connecting,
	title={Connecting MHC-I-binding motifs with HLA alleles via deep learning},
	author={Lee, Ko-Han and Chang, Yu-Chuan and Chen, Ting-Fu and Juan, Hsueh-Fen and Tsai, Huai-Kuang and Chen, Chien-Yu},
	journal={Communications Biology},
	volume={4},
	number={1},
	pages={1--12},
	year={2021},
	publisher={Nature Publishing Group}
}

@article{wen2020cancer,
	title={Cancer neoantigen prioritization through sensitive and reliable proteogenomics analysis},
	author={Wen, Bo and Li, Kai and Zhang, Yun and Zhang, Bing},
	journal={Nature communications},
	volume={11},
	number={1},
	pages={1--14},
	year={2020},
	publisher={Nature Publishing Group}
}

@article{garcia2005t,
	title={How the T cell receptor sees antigen—a structural view},
	author={Garcia, K Christopher and Adams, Erin J},
	journal={Cell},
	volume={122},
	number={3},
	pages={333--336},
	year={2005},
	publisher={Elsevier}
}

@article{wong2019comparative,
	title={Comparative analysis of the CDR loops of antigen receptors},
	author={Wong, Wing Ki and Leem, Jinwoo and Deane, Charlotte M},
	journal={Frontiers in immunology},
	volume={10},
	pages={2454},
	year={2019},
	publisher={Frontiers Media SA}
}

@article{zhou2021prioritizing,
	title={Prioritizing candidate peptides for cancer vaccines by PEPPRMINT: a statistical model to predict peptide presentation by HLA-I proteins},
	author={Zhou, Laura Y and Zou, Fei and Sun, Wei},
	journal={bioRxiv},
	year={2021},
	publisher={Cold Spring Harbor Laboratory}
}

@article{zhang2021dive,
	title={Dive into deep learning},
	author={Zhang, Aston and Lipton, Zachary C and Li, Mu and Smola, Alexander J},
	journal={arXiv preprint arXiv:2106.11342},
	year={2021}
}

@book{nielsen2015neural,
	title={Neural networks and deep learning},
	author={Nielsen, Michael A},
	volume={25},
	year={2015},
	publisher={Determination press San Francisco, CA, USA}
}
@book{Goodfellow2016,
	title={Deep Learning},
	author={Ian Goodfellow and Yoshua Bengio and Aaron Courville},
	publisher={MIT Press},
	note={\url{http://www.deeplearningbook.org}},
	year={2016}
}
@book{mitchell1997machine,
	title={Machine learning},
	author={Mitchell, Tom M},
	volume={1},
	year={1997},
	publisher={McGraw-hill New York}
}

@incollection{dalianis2018evaluation,
	title={Evaluation metrics and evaluation},
	author={Dalianis, Hercules},
	booktitle={Clinical text mining},
	pages={45--53},
	year={2018},
	publisher={Springer}
}


@article{hashemi2022improved,
	title={Improved Predictions of MHC-Peptide Binding using Protein Language Models},
	author={Hashemi, Nasser and Hao, Boran and Ignatov, Mikhail and Paschalidis, Ioannis and Vakili, Pirooz and Vajda, Sandor and Kozakov, Dima},
	journal={bioRxiv},
	year={2022},
	publisher={Cold Spring Harbor Laboratory}
}


@techreport{rumelhart1985learning,
	title={Learning internal representations by error propagation},
	author={Rumelhart, David E and Hinton, Geoffrey E and Williams, Ronald J},
	year={1985},
	institution={California Univ San Diego La Jolla Inst for Cognitive Science}
}
@incollection{jordan1997serial,
	title={Serial order: A parallel distributed processing approach},
	author={Jordan, Michael I},
	booktitle={Advances in psychology},
	volume={121},
	pages={471--495},
	year={1997},
	publisher={Elsevier}
}

@article{hochreiter1997long,
	title={Long short-term memory},
	author={Hochreiter, Sepp and Schmidhuber, J{\"u}rgen},
	journal={Neural computation},
	volume={9},
	number={8},
	pages={1735--1780},
	year={1997},
	publisher={MIT Press}
}


@article{hopfield1982neural,
	title={Neural networks and physical systems with emergent collective computational abilities.},
	author={Hopfield, John J},
	journal={Proceedings of the national academy of sciences},
	volume={79},
	number={8},
	pages={2554--2558},
	year={1982},
	publisher={National Acad Sciences}
}

@article{abelin2017mass,
	title={Mass spectrometry profiling of HLA-associated peptidomes in mono-allelic cells enables more accurate epitope prediction},
	author={Abelin, Jennifer G and Keskin, Derin B and Sarkizova, Siranush and Hartigan, Christina R and Zhang, Wandi and Sidney, John and Stevens, Jonathan and Lane, William and Zhang, Guang Lan and Eisenhaure, Thomas M and others},
	journal={Immunity},
	volume={46},
	number={2},
	pages={315--326},
	year={2017},
	publisher={Elsevier}
}


@article{bulik2019deep,
	title={Deep learning using tumor HLA peptide mass spectrometry datasets improves neoantigen identification},
	author={Bulik-Sullivan, Brendan and Busby, Jennifer and Palmer, Christine D and Davis, Matthew J and Murphy, Tyler and Clark, Andrew and Busby, Michele and Duke, Fujiko and Yang, Aaron and Young, Lauren and others},
	journal={Nature biotechnology},
	volume={37},
	number={1},
	pages={55--63},
	year={2019},
	publisher={Nature Publishing Group}
}

@article{siegel2022cancer,
	title={Cancer statistics, 2022},
	author={Siegel, Rebecca L and Miller, Kimberly D and Fuchs, Hannah E and Jemal, Ahmedin},
	journal={CA: a cancer journal for clinicians},
	year={2022},
	publisher={Wiley Online Library}
}

@Book{foster03,
	author	= {Ian Foster and Carl Kesselman},
	title   	= {{Grid} 2: Blueprint for a New Computing Infrastructure},
	edition 	= {Segunda},
	publisher	= {Morgan Kaufmann},
	address 	= {San Francisco, CA, USA},
	year    	= {2004},
}


@article{li2020progeo,
	title={ProGeo-neo: a customized proteogenomic workflow for neoantigen prediction and selection},
	author={Li, Yuyu and Wang, Guangzhi and Tan, Xiaoxiu and Ouyang, Jian and Zhang, Menghuan and Song, Xiaofeng and Liu, Qi and Leng, Qibin and Chen, Lanming and Xie, Lu},
	journal={BMC medical genomics},
	volume={13},
	number={5},
	pages={1--11},
	year={2020},
	publisher={BioMed Central}
}

@article{schenck2019neopredpipe,
	title={NeoPredPipe: high-throughput neoantigen prediction and recognition potential pipeline},
	author={Schenck, Ryan O and Lakatos, Eszter and Gatenbee, Chandler and Graham, Trevor A and @misc{NCIdictionary2022,
	author = {NCI},
	title = {National Cancer Institute Dictionary},
	year = {2022},
	url = {https://www.cancer.gov/publications/dictionaries/genetics-dictionary},
	urldate = {2022-03-20}
	}Anderson, Alexander RA},
	journal={BMC bioinformatics},
	volume={20},
	number={1},
	pages={1--6},
	year={2019},
	publisher={BioMed Central}
}
@article{wu2019deephlapan,
	title={DeepHLApan: a deep learning approach for neoantigen prediction considering both HLA-peptide binding and immunogenicity},
	author={Wu, Jingcheng and Wang, Wenzhe and Zhang, Jiucheng and Zhou, Binbin and Zhao, Wenyi and Su, Zhixi and Gu, Xun and Wu, Jian and Zhou, Zhan and Chen, Shuqing},
	journal={Frontiers in Immunology},
	pages={2559},
	year={2019},
	publisher={Frontiers}
}
@article{wang2019scanneo,
	title={ScanNeo: identifying indel-derived neoantigens using RNA-Seq data},
	author={Wang, Ting-You and Wang, Li and Alam, Sk Kayum and Hoeppner, Luke H and Yang, Rendong},
	journal={Bioinformatics},
	volume={35},
	number={20},
	pages={4159--4161},
	year={2019},
	publisher={Oxford University Press}
}


@misc{NCIdictionary2022,
	author = {NCI},
	title = {National Cancer Institute Dictionary},
	year = {2022},
	url = {https://www.cancer.gov/publications/dictionaries/genetics-dictionary},
	urldate = {2022-03-20}
}

@misc{Imunoterapia2023,
	author = {NIH},
	title = {Inmunoterapia para tratar el cáncer},
	year = {2023},
	url = {https://www.cancer.gov/espanol/cancer/tratamiento/tipos/inmunoterapia},
	urldate = {2023-06-01}
}

@misc{whocancer2022,
	author = {WHO},
	title = {Cancer},
	year = {2022},
	url = {https://www.who.int/news-room/fact-sheets/detail/cancer},
	urldate = {2022-06-10}
}

@misc{Kelvin_transformer2022,
	author = {Kelvin, Jose},
	title = {RNNs, LSTMs, CNNs, Transformers and BERT},
	year = {2022},
	url = {https://medium.com/analytics-vidhya/rnns-lstms-cnns-transformers-and-bert-be003df3492b},
	urldate = {2022-07-14}
}

@misc{Shuchen2022,
	author = {Shuchen, Du},
	title = {Understanding Deep Self-attention Mechanism in Convolution Neural Networks},
	year = {2022},
	url = {https://medium.com/ai-salon/understanding-deep-self-attention-mechanism-in-convolution-neural-networks-e8f9c01cb251},
	urldate = {2022-07-14}
}

@misc{Sumit_saha2022,
	author = {Sumit, Saha},
	title = {A Comprehensive Guide to Convolutional Neural Networks — the ELI5 way},
	year = {2022},
	url = {https://towardsdatascience.com/a-comprehensive-guide-to-convolutional-neural-networks-the-eli5-way-3bd2b1164a53},
	urldate = {2022-07-14}
}

@article{elnaggar2021prottrans,
	title={Prottrans: Toward understanding the language of life through self-supervised learning},
	author={Elnaggar, Ahmed and Heinzinger, Michael and Dallago, Christian and Rehawi, Ghalia and Wang, Yu and Jones, Llion and Gibbs, Tom and Feher, Tamas and Angerer, Christoph and Steinegger, Martin and others},
	journal={IEEE transactions on pattern analysis and machine intelligence},
	volume={44},
	number={10},
	pages={7112--7127},
	year={2021},
	publisher={IEEE}
}


@article{devlin2018bert,
	title={Bert: Pre-training of deep bidirectional transformers for language understanding},
	author={Devlin, Jacob and Chang, Ming-Wei and Lee, Kenton and Toutanova, Kristina},
	journal={arXiv preprint arXiv:1810.04805},
	year={2018}
}

@article{lecun1998gradient,
	title={Gradient-based learning applied to document recognition},
	author={LeCun, Yann and Bottou, L{\'e}on and Bengio, Yoshua and Haffner, Patrick},
	journal={Proceedings of the IEEE},
	volume={86},
	number={11},
	pages={2278--2324},
	year={1998},
	publisher={Ieee}
}

@article{krizhevsky2012imagenet,
	title={Imagenet classification with deep convolutional neural networks},
	author={Krizhevsky, Alex and Sutskever, Ilya and Hinton, Geoffrey E},
	journal={Advances in neural information processing systems},
	volume={25},
	year={2012}
}
@article{simonyan2014very,
	title={Very deep convolutional networks for large-scale image recognition},
	author={Simonyan, Karen and Zisserman, Andrew},
	journal={arXiv preprint arXiv:1409.1556},
	year={2014}
}

@inproceedings{szegedy2015going,
	title={Going deeper with convolutions},
	author={Szegedy, Christian and Liu, Wei and Jia, Yangqing and Sermanet, Pierre and Reed, Scott and Anguelov, Dragomir and Erhan, Dumitru and Vanhoucke, Vincent and Rabinovich, Andrew},
	booktitle={Proceedings of the IEEE conference on computer vision and pattern recognition},
	pages={1--9},
	year={2015}
}

@inproceedings{he2016deep,
	title={Deep residual learning for image recognition},
	author={He, Kaiming and Zhang, Xiangyu and Ren, Shaoqing and Sun, Jian},
	booktitle={Proceedings of the IEEE conference on computer vision and pattern recognition},
	pages={770--778},
	year={2016}
}

@article{gopanenko2020main,
	title={Main strategies for the identification of neoantigens},
	author={Gopanenko, Alexander V and Kosobokova, Ekaterina N and Kosorukov, Vyacheslav S},
	journal={Cancers},
	volume={12},
	number={10},
	pages={2879},
	year={2020},
	publisher={Multidisciplinary Digital Publishing Institute}
}



@book{insideDL2022,
	author = {Edward Raff},
	title = {Inside Deep Learning},
	publisher={Manning Publications Co},
	year = {2022}	
}

@article{cheng2021bertmhc,
	title={BERTMHC: improved MHC--peptide class II interaction prediction with transformer and multiple instance learning},
	author={Cheng, Jun and Bendjama, Ka{\"\i}dre and Rittner, Karola and Malone, Brandon},
	journal={Bioinformatics},
	volume={37},
	number={22},
	pages={4172--4179},
	year={2021},
	publisher={Oxford University Press}
}
@article{zeng2019quantification,
	title={Quantification of uncertainty in peptide-MHC binding prediction improves high-affinity peptide selection for therapeutic design},
	author={Zeng, Haoyang and Gifford, David K},
	journal={Cell systems},
	volume={9},
	number={2},
	pages={159--166},
	year={2019},
	publisher={Elsevier}
}

@article{elnaggar2007prottrans,
	title={ProtTrans: Towards cracking the language of Life’s code through self-supervised deep learning and high performance computing. arXiv 2020},
	author={Elnaggar, Ahmed and Heinzinger, Michael and Dallago, Christian and Rihawi, Ghalia and Wang, Yu and Jones, Llion and Gibbs, Tom and Feher, Tamas and Angerer, Christoph and Steinegger, Martin and others},
	journal={arXiv preprint arXiv:2007.06225},
	year={2007}
}


@article{rives2021biological,
	title={Biological structure and function emerge from scaling unsupervised learning to 250 million protein sequences},
	author={Rives, Alexander and Meier, Joshua and Sercu, Tom and Goyal, Siddharth and Lin, Zeming and Liu, Jason and Guo, Demi and Ott, Myle and Zitnick, C Lawrence and Ma, Jerry and others},
	journal={Proceedings of the National Academy of Sciences},
	volume={118},
	number={15},
	year={2021},
	publisher={National Acad Sciences}
}
@article{garcia2019determinants,
	title={Determinants for neoantigen identification},
	author={Garcia-Garijo, Andrea and Fajardo, Carlos Alberto and Gros, Alena},
	journal={Frontiers in immunology},
	volume={10},
	pages={1392},
	year={2019},
	publisher={Frontiers}
}

@article{lin2023evolutionary,
	title={Evolutionary-scale prediction of atomic-level protein structure with a language model},
	author={Lin, Zeming and Akin, Halil and Rao, Roshan and Hie, Brian and Zhu, Zhongkai and Lu, Wenting and Smetanin, Nikita and Verkuil, Robert and Kabeli, Ori and Shmueli, Yaniv and others},
	journal={Science},
	volume={379},
	number={6637},
	pages={1123--1130},
	year={2023},
	publisher={American Association for the Advancement of Science}
}

@article{rao2019evaluating,
	title={Evaluating protein transfer learning with TAPE},
	author={Rao, Roshan and Bhattacharya, Nicholas and Thomas, Neil and Duan, Yan and Chen, Peter and Canny, John and Abbeel, Pieter and Song, Yun},
	journal={Advances in neural information processing systems},
	volume={32},
	year={2019}
}

@article{liu2019roberta,
	title={Roberta: A robustly optimized bert pretraining approach},
	author={Liu, Yinhan and Ott, Myle and Goyal, Naman and Du, Jingfei and Joshi, Mandar and Chen, Danqi and Levy, Omer and Lewis, Mike and Zettlemoyer, Luke and Stoyanov, Veselin},
	journal={arXiv preprint arXiv:1907.11692},
	year={2019}
}

@article{suzek2015uniref,
	title={UniRef clusters: a comprehensive and scalable alternative for improving sequence similarity searches},
	author={Suzek, Baris E and Wang, Yuqi and Huang, Hongzhan and McGarvey, Peter B and Wu, Cathy H and UniProt Consortium},
	journal={Bioinformatics},
	volume={31},
	number={6},
	pages={926--932},
	year={2015},
	publisher={Oxford University Press}
}



@article{zhao2018systematically,
	title={Systematically benchmarking peptide-MHC binding predictors: From synthetic to naturally processed epitopes},
	author={Zhao, Weilong and Sher, Xinwei},
	journal={PLoS computational biology},
	volume={14},
	number={11},
	pages={e1006457},
	year={2018},
	publisher={Public Library of Science San Francisco, CA USA}
}
@article{paul2020benchmarking,
	title={Benchmarking predictions of MHC class I restricted T cell epitopes in a comprehensively studied model system},
	author={Paul, Sinu and Croft, Nathan P and Purcell, Anthony W and Tscharke, David C and Sette, Alessandro and Nielsen, Morten and Peters, Bjoern},
	journal={PLoS computational biology},
	volume={16},
	number={5},
	pages={e1007757},
	year={2020},
	publisher={Public Library of Science San Francisco, CA USA}
}



@misc{socrates2022,
	author = {Socratic.org},
	title = {How does a deletion mutation differ from a substitution mutation?},
	year = {2022},
	url = {https://socratic.org/questions/how-does-a-deletion-mutation-differ-from-a-substitution-mutation-1},
	urldate = {2022-03-20}
}

@misc{nortshore2022,
	author = {NortShore},
	title = {Immunotherapy},
	year = {2022},
	url = {https://www.northshore.org/kellogg-cancer-center/our-services/immunotherapy/},
	urldate = {2022-05-27}
}

@misc{el2022machine,
	title={Machine and Deep Learning in Oncology, Medical Physics and Radiology},
	author={El Naqa, Issam and Murphy, Martin J},
	year={2022},
	publisher={Springer}
}

@article{samuel1967some,
	title={Some studies in machine learning using the game of checkers. II—Recent progress},
	author={Samuel, Arthur L},
	journal={IBM Journal of research and development},
	volume={11},
	number={6},
	pages={601--617},
	year={1967},
	publisher={IBM}
}

@article{pan2019identification,
	title={Identification of the copy number variant biomarkers for breast cancer subtypes},
	author={Pan, Xiaoyong and Hu, XiaoHua and Zhang, Yu-Hang and Chen, Lei and Zhu, LiuCun and Wan, ShiBao and Huang, Tao and Cai, Yu-Dong},
	journal={Molecular Genetics and Genomics},
	volume={294},
	number={1},
	pages={95--110},
	year={2019},
	publisher={Springer}
}

@article{lucito2007copy,
	title={Copy-number variants in patients with a strong family history of pancreatic cancer},
	author={Lucito, Robert and Suresh, Shubha and Walter, Kimberly and Pandey, Akhilesh and Lakshmi, B and Krasnitz, Alex and Sebat, Jonathan and Wigler, Michael and Klein, Alison P and Brune, Kieran and others},
	journal={Cancer biology \& therapy},
	volume={6},
	number={10},
	pages={1592--1599},
	year={2007},
	publisher={Taylor \& Francis}
}

@article{kerbs2022fusion,
	title={Fusion gene detection by RNA-sequencing complements diagnostics of acute myeloid leukemia and identifies recurring NRIP1-MIR99AHG rearrangements},
	author={Kerbs, Paul and Vosberg, Sebastian and Krebs, Stefan and Graf, Alexander and Blum, Helmut and Swoboda, Anja and Batcha, Aarif MN and Mansmann, Ulrich and Metzler, Dirk and Heckman, Caroline A and others},
	journal={haematologica},
	volume={107},
	number={1},
	pages={100},
	year={2022},
	publisher={Ferrata Storti Foundation}
}

@article{kim2019fusiongdb,
	title={FusionGDB: fusion gene annotation DataBase},
	author={Kim, Pora and Zhou, Xiaobo},
	journal={Nucleic acids research},
	volume={47},
	number={D1},
	pages={D994--D1004},
	year={2019},
	publisher={Oxford University Press}
}

@article{heyer2020sequencing,
	title={Sequencing strategies for fusion gene detection},
	author={Heyer, Erin E and Blackburn, James},
	journal={BioEssays},
	volume={42},
	number={7},
	pages={2000016},
	year={2020},
	publisher={Wiley Online Library}
}

@article{marshall2018introduction,
	title={An introduction to immunology and immunopathology},
	author={Marshall, Jean S and Warrington, Richard and Watson, Wade and Kim, Harold L},
	journal={Allergy, Asthma \& Clinical Immunology},
	volume={14},
	number={2},
	pages={1--10},
	year={2018},
	publisher={BioMed Central}
}

@article{abualrous2021major,
	title={Major histocompatibility complex (MHC) class I and class II proteins: impact of polymorphism on antigen presentation},
	author={Abualrous, Esam T and Sticht, Jana and Freund, Christian},
	journal={Current Opinion in Immunology},
	volume={70},
	pages={95--104},
	year={2021},
	publisher={Elsevier}
}

@article{mccarthy2015immunoproteasome,
	title={The immunoproteasome and viral infection: a complex regulator of inflammation},
	author={McCarthy, Mary K and Weinberg, Jason B},
	journal={Frontiers in microbiology},
	volume={6},
	pages={21},
	year={2015},
	publisher={Frontiers}
}

@article{zhang2019application,
	title={Application of mass spectrometry-based MHC immunopeptidome profiling in neoantigen identification for tumor immunotherapy},
	author={Zhang, Xiaomei and Qi, Yue and Zhang, Qi and Liu, Wei},
	journal={Biomedicine \& Pharmacotherapy},
	volume={120},
	pages={109542},
	year={2019},
	publisher={Elsevier}
}

@article{borden2022cancer,
	title={Cancer Neoantigens: Challenges and Future Directions for Prediction, Prioritization, and Validation},
	author={Borden, Elizabeth S and Buetow, Kenneth H and Wilson, Melissa A and Hastings, Karen Taraszka},
	journal={Frontiers in Oncology},
	volume={12},
	year={2022},
	publisher={Frontiers Media SA}
}


@article{de2020neoantigen,
	title={Neoantigen prediction and computational perspectives towards clinical benefit: recommendations from the ESMO Precision Medicine Working Group},
	author={Mattos, L and Vazquez, M and Finotello, F and Lepore, R and Porta, E and Hundal, J and Amengual-Rigo, P and Ng, CKY and Valencia, A and Carrillo, J and others},
	journal={Annals of oncology},
	volume={31},
	number={8},
	pages={978--990},
	year={2020},
	publisher={Elsevier}
}

@online{genetics2022,
	author = {ISU},
	title = {Iowa State University - Gene Expressión},
	year = {2022},
	url = {https://iastate.pressbooks.pub/genagbiotech/chapter/transcription/},
	urldate = {2022-03-20}
}

@article{clancy2008genetic,
	title={Genetic mutation},
	author={Clancy, Suzanne},
	journal={Nature Education},
	volume={1},
	number={1},
	pages={187},
	year={2008}
}

@article{xu2018review,
	title={A review of somatic single nucleotide variant calling algorithms for next-generation sequencing data},
	author={Xu, Chang},
	journal={Computational and structural biotechnology journal},
	volume={16},
	pages={15--24},
	year={2018},
	publisher={Elsevier}
}


@report{dna2020located,
	title={How genetic disorders are inherited},
	author={Mayo Clinics},
	year={2020},
	howpublished = {\url{https://www.mayoclinic.org/tests-procedures/genetic-testing/multimedia/genetic-disorders/sls-20076216?s=2}},
	note = {Accessed: 2020-03-20}
}

@article{luscombe2001bioinformatics,
	title={What is bioinformatics? A proposed definition and overview of the field},
	author={Luscombe, Nicholas M and Greenbaum, Dov and Gerstein, Mark},
	journal={Methods of information in medicine},
	volume={40},
	number={04},
	pages={346--358},
	year={2001},
	publisher={Schattauer GmbH}
}





@article{yang2021deepnetbim,
	title={DeepNetBim: deep learning model for predicting HLA-epitope interactions based on network analysis by harnessing binding and immunogenicity information},
	author={Yang, Xiaoyun and Zhao, Liyuan and Wei, Fang and Li, Jing},
	journal={BMC bioinformatics},
	volume={22},
	number={1},
	pages={1--16},
	year={2021},
	publisher={Springer}
}

@article{li2021deepimmuno,
	title={DeepImmuno: deep learning-empowered prediction and generation of immunogenic peptides for T-cell immunity},
	author={Li, Guangyuan and Iyer, Balaji and Prasath, VB Surya and Ni, Yizhao and Salomonis, Nathan},
	journal={Briefings in bioinformatics},
	volume={22},
	number={6},
	pages={bbab160},
	year={2021},
	publisher={Oxford University Press}
}

@article{chen2021identification,
	title={Identification of MHC peptides using mass spectrometry for neoantigen discovery and cancer vaccine development},
	author={Chen, Rui and Fulton, Kelly M and Twine, Susan M and Li, Jianjun},
	journal={Mass spectrometry reviews},
	volume={40},
	number={2},
	pages={110--125},
	year={2021},
	publisher={Wiley Online Library}
}


@article{lu2021deep,
	title={Deep learning-based prediction of the T cell receptor--antigen binding specificity},
	author={Lu, Tianshi and Zhang, Ze and Zhu, James and Wang, Yunguan and Jiang, Peixin and Xiao, Xue and Bernatchez, Chantale and Heymach, John V and Gibbons, Don L and Wang, Jun and others},
	journal={Nature Machine Intelligence},
	volume={3},
	number={10},
	pages={864--875},
	year={2021},
	publisher={Nature Publishing Group}
}



@article{chen2021challenges,
	title={Challenges targeting cancer neoantigens in 2021: a systematic literature review},
	author={Chen, Ina and Chen, Michael and Goedegebuure, Peter and Gillanders, William},
	journal={Expert Review of Vaccines},
	volume={20},
	number={7},
	pages={827--837},
	year={2021},
	publisher={Taylor \& Francis}
}

@report{dna2020located,
	title={How genetic disorders are inherited},
	author={Mayo Clinics},
	year={2020},
	howpublished = {\url{https://www.mayoclinic.org/tests-procedures/genetic-testing/multimedia/genetic-disorders/sls-20076216?s=2}},
	note = {Accessed: 2020-03-20}
}
@book{xiong2006essential,
	title={Essential bioinformatics},
	author={Xiong, Jin},
	year={2006},
	publisher={Cambridge University Press}
}
@article{zimmerman1997inherited,
	title={Inherited resistance to HIV-1 conferred by an inactivating mutation in CC chemokine receptor 5: studies in populations with contrasting clinical phenotypes, defined racial background, and quantified risk},
	author={Zimmerman, Peter A and Buckler-White, Alicia and Alkhatib, Ghalib and Spalding, Todd and Kubofcik, Joseph and Combadiere, Christophe and Weissman, Drew and Cohen, Oren and Rubbert, Andrea and Lam, Gordon and others},
	journal={Molecular medicine},
	volume={3},
	number={1},
	pages={23--36},
	year={1997},
	publisher={BioMed Central}
}
@misc{nci2020,
	title={NCI Dictionary of Cancer Terms},
	author={NCI},
	year={2020},
	howpublished = {\url{https://www.cancer.gov/publications/dictionaries/cancer-terms/def/transcription}},
	note = {Accessed: 2020-03-20}
}
@misc{sv_pacbio_2021,
	title={Two Review Articles Assess Structural Variation in Human Genomes},
	author={PacBio},
	year={2021},
	note = {Accessed: 2021-05-07},
	howpublished = {\url{https://www.pacb.com/blog/two-review-articles-assess-structural-variation-in-human-genomes/}},
	url={https://www.pacb.com/blog/two-review-articles-assess-structural-variation-in-human-genomes/}
}

@article{bassani2015mass,
	title={Mass Spectrometry of Human Leukocyte Antigen Class I Peptidomes Reveals Strong Effects of Protein Abundance and Turnover on Antigen Presentation*[S]},
	author={Bassani-Sternberg, Michal and Pletscher-Frankild, Sune and Jensen, Lars Juhl and Mann, Matthias},
	journal={Molecular \& Cellular Proteomics},
	volume={14},
	number={3},
	pages={658--673},
	year={2015},
	publisher={ASBMB}
}


@article{trolle2016length,
	title={The length distribution of class I--restricted T cell epitopes is determined by both peptide supply and MHC allele--specific binding preference},
	author={Trolle, Thomas and McMurtrey, Curtis P and Sidney, John and Bardet, Wilfried and Osborn, Sean C and Kaever, Thomas and Sette, Alessandro and Hildebrand, William H and Nielsen, Morten and Peters, Bjoern},
	journal={The Journal of Immunology},
	volume={196},
	number={4},
	pages={1480--1487},
	year={2016},
	publisher={Am Assoc Immnol}
}

@article{pearson2016mhc,
	title={MHC class I--associated peptides derive from selective regions of the human genome},
	author={Pearson, Hillary and Daouda, Tariq and Granados, Diana Paola and Durette, Chantal and Bonneil, Eric and Courcelles, Mathieu and Rodenbrock, Anja and Laverdure, Jean-Philippe and C{\^o}t{\'e}, Caroline and Mader, Sylvie and others},
	journal={The Journal of clinical investigation},
	volume={126},
	number={12},
	pages={4690--4701},
	year={2016},
	publisher={Am Soc Clin Investig}
}


@article{hao2021improvement,
	title={Improvement of neoantigen identification through convolution neural network},
	author={Hao, Qing and Wei, Ping and Shu, Yang and Zhang, Yi-Guan and Xu, Heng and Zhao, Jun-Ning},
	journal={Frontiers in immunology},
	volume={12},
	year={2021},
	publisher={Frontiers Media SA}
}

@article{hundal2020pvactools,
	title={pVACtools: a computational toolkit to identify and visualize cancer neoantigens},
	author={Hundal, Jasreet and Kiwala, Susanna and McMichael, Joshua and Miller, Christopher A and Xia, Huiming and Wollam, Alexander T and Liu, Connor J and Zhao, Sidi and Feng, Yang-Yang and Graubert, Aaron P and others},
	journal={Cancer immunology research},
	volume={8},
	number={3},
	pages={409--420},
	year={2020},
	publisher={AACR}
}

@online{inmunoterapy2022,
	author = {Cancer.net},
	title = {Qué es la inmunoterapia},
	year = 2022,
	url = {https://www.cancer.net/es/desplazarse-por-atencion-del-cáncer/como-se-trata-el-cáncer/inmunoterapia/qué-es-la-inmunoterapia},
	urldate = {2022-02-18}
}


@online{antigen2022,
	author = {Medline.plus},
	title = {Antígeno},
	year = 2022,
	url = {https://medlineplus.gov/spanish/ency/article/002224.htm},
	urldate = {2022-02-18}
}

@online{neoantigen2022,
	author = {Instituto Nacional del Cancer},
	title = {Neo antígeno},
	year = 2022,
	url = {https://www.cancer.gov/espanol/publicaciones/diccionarios/diccionario-cancer/def/neoantigeno},
	urldate = {2022-02-18}
}



@article{trolle2015automated,
	title={Automated benchmarking of peptide-MHC class I binding predictions},
	author={Trolle, Thomas and Metushi, Imir G and Greenbaum, Jason A and Kim, Yohan and Sidney, John and Lund, Ole and Sette, Alessandro and Peters, Bjoern and Nielsen, Morten},
	journal={Bioinformatics},
	volume={31},
	number={13},
	pages={2174--2181},
	year={2015},
	publisher={Oxford University Press}
}
@article{bonsack2019performance,
	title={Performance evaluation of MHC class-I binding prediction tools based on an experimentally validated MHC--peptide binding data set},
	author={Bonsack, Maria and Hoppe, Stephanie and Winter, Jan and Tichy, Diana and Zeller, Christine and K{\"u}pper, Marius D and Schitter, Eva C and Blatnik, Renata and Riemer, Angelika B},
	journal={Cancer immunology research},
	volume={7},
	number={5},
	pages={719--736},
	year={2019},
	publisher={AACR}
}


@article{peng2019neoantigen,
	title={Neoantigen vaccine: an emerging tumor immunotherapy},
	author={Peng, Miao and Mo, Yongzhen and Wang, Yian and Wu, Pan and Zhang, Yijie and Xiong, Fang and Guo, Can and Wu, Xu and Li, Yong and Li, Xiaoling and others},
	journal={Molecular cancer},
	volume={18},
	number={1},
	pages={1--14},
	year={2019},
	publisher={BioMed Central}
}

@article{castle2012exploiting,
	title={Exploiting the mutanome for tumor vaccination},
	author={Castle, John C and Kreiter, Sebastian and Diekmann, Jan and L{\"o}wer, Martin and Van de Roemer, Niels and de Graaf, Jos and Selmi, Abderraouf and Diken, Mustafa and Boegel, Sebastian and Paret, Claudia and others},
	journal={Cancer research},
	volume={72},
	number={5},
	pages={1081--1091},
	year={2012},
	publisher={AACR}
}
@article{yadav2014predicting,
	title={Predicting immunogenic tumour mutations by combining mass spectrometry and exome sequencing},
	author={Yadav, Mahesh and Jhunjhunwala, Suchit and Phung, Qui T and Lupardus, Patrick and Tanguay, Joshua and Bumbaca, Stephanie and Franci, Christian and Cheung, Tommy K and Fritsche, Jens and Weinschenk, Toni and others},
	journal={Nature},
	volume={515},
	number={7528},
	pages={572--576},
	year={2014},
	publisher={Nature Publishing Group}
}
@article{van2013tumor,
	title={Tumor exome analysis reveals neoantigen-specific T-cell reactivity in an ipilimumab-responsive melanoma},
	author={van Rooij, Nienke and van Buuren, Marit M and Philips, Daisy and Velds, Arno and Toebes, Mireille and Heemskerk, Bianca and van Dijk, Laura JA and Behjati, Sam and Hilkmann, Henk and El Atmioui, Dris and others},
	journal={Journal of clinical oncology: official journal of the American Society of Clinical Oncology},
	volume={31},
	number={32},
	year={2013},
	publisher={Europe PMC Funders}
}

@article{stevanovic2017landscape,
	title={Landscape of immunogenic tumor antigens in successful immunotherapy of virally induced epithelial cancer},
	author={Stevanovi{\'c}, Sanja and Pasetto, Anna and Helman, Sarah R and Gartner, Jared J and Prickett, Todd D and Howie, Bryan and Robins, Harlan S and Robbins, Paul F and Klebanoff, Christopher A and Rosenberg, Steven A and others},
	journal={Science},
	volume={356},
	number={6334},
	pages={200--205},
	year={2017},
	publisher={American Association for the Advancement of Science}
}
@article{robbins2013mining,
	title={Mining exomic sequencing data to identify mutated antigens recognized by adoptively transferred tumor-reactive T cells},
	author={Robbins, Paul F and Lu, Yong-Chen and El-Gamil, Mona and Li, Yong F and Gross, Colin and Gartner, Jared and Lin, Jimmy C and Teer, Jamie K and Cliften, Paul and Tycksen, Eric and others},
	journal={Nature medicine},
	volume={19},
	number={6},
	pages={747},
	year={2013},
	publisher={Nature Publishing Group}
}
@article{tran2014cancer,
	title={Cancer immunotherapy based on mutation-specific CD4+ T cells in a patient with epithelial cancer},
	author={Tran, Eric and Turcotte, Simon and Gros, Alena and Robbins, Paul F and Lu, Yong-Chen and Dudley, Mark E and Wunderlich, John R and Somerville, Robert P and Hogan, Katherine and Hinrichs, Christian S and others},
	journal={Science},
	volume={344},
	number={6184},
	pages={641--645},
	year={2014},
	publisher={American Association for the Advancement of Science}
}
@article{fang2015ensemble,
	title={An ensemble approach to accurately detect somatic mutations using SomaticSeq},
	author={Fang, Li Tai and Afshar, Pegah Tootoonchi and Chhibber, Aparna and Mohiyuddin, Marghoob and Fan, Yu and Mu, John C and Gibeling, Greg and Barr, Sharon and Asadi, Narges Bani and Gerstein, Mark B and others},
	journal={Genome biology},
	volume={16},
	number={1},
	pages={1--13},
	year={2015},
	publisher={Springer}
}

@article{bais2017cloudneo,
	title={CloudNeo: a cloud pipeline for identifying patient-specific tumor neoantigens},
	author={Bais, Preeti and Namburi, Sandeep and Gatti, Daniel M and Zhang, Xinyu and Chuang, Jeffrey H},
	journal={Bioinformatics},
	volume={33},
	number={19},
	pages={3110--3112},
	year={2017},
	publisher={Oxford University Press}
}
@article{bjerregaard2017mupexi,
	title={MuPeXI: prediction of neo-epitopes from tumor sequencing data},
	author={Bjerregaard, Anne-Mette and Nielsen, Morten and Hadrup, Sine Reker and Szallasi, Zoltan and Eklund, Aron Charles},
	journal={Cancer Immunology, Immunotherapy},
	volume={66},
	number={9},
	pages={1123--1130},
	year={2017},
	publisher={Springer}
}
@article{tran2015immunogenicity,
	title={Immunogenicity of somatic mutations in human gastrointestinal cancers},
	author={Tran, Eric and Ahmadzadeh, Mojgan and Lu, Yong-Chen and Gros, Alena and Turcotte, Simon and Robbins, Paul F and Gartner, Jared J and Zheng, Zhili and Li, Yong F and Ray, Satyajit and others},
	journal={Science},
	volume={350},
	number={6266},
	pages={1387--1390},
	year={2015},
	publisher={American Association for the Advancement of Science}
}
@article{yossef2018enhanced,
	title={Enhanced detection of neoantigen-reactive T cells targeting unique and shared oncogenes for personalized cancer immunotherapy},
	author={Yossef, Rami and Tran, Eric and Deniger, Drew C and Gros, Alena and Pasetto, Anna and Parkhurst, Maria R and Gartner, Jared J and Prickett, Todd D and Cafri, Gal and Robbins, Paul F and others},
	journal={JCI insight},
	volume={3},
	number={19},
	year={2018},
	publisher={American Society for Clinical Investigation}
}
@article{gros2016prospective,
	title={Prospective identification of neoantigen-specific lymphocytes in the peripheral blood of melanoma patients},
	author={Gros, Alena and Parkhurst, Maria R and Tran, Eric and Pasetto, Anna and Robbins, Paul F and Ilyas, Sadia and Prickett, Todd D and Gartner, Jared J and Crystal, Jessica S and Roberts, Ilana M and others},
	journal={Nature medicine},
	volume={22},
	number={4},
	pages={433--438},
	year={2016},
	publisher={Nature Publishing Group}
}




@article{alberts1998cell,
	title={The cell as a collection of protein machines: preparing the next generation of molecular biologists},
	author={Alberts, Bruce},
	journal={cell},
	volume={92},
	number={3},
	pages={291--294},
	year={1998},
	publisher={Elsevier}
}

@book{srihari2017computational,
	title={Computational prediction of protein complexes from protein interaction networks},
	author={Srihari, Sriganesh and Yong, Chern Han and Wong, Limsoon},
	year={2017},
	publisher={Morgan \& Claypool}
}
@article{berggaard2007methods,
	title={Methods for the detection and analysis of protein--protein interactions},
	author={Bergg{\aa}rd, Tord and Linse, Sara and James, Peter},
	journal={Proteomics},
	volume={7},
	number={16},
	pages={2833--2842},
	year={2007},
	publisher={Wiley Online Library}
}
@article{gligorijevic2020structure,
	title={Structure-based function prediction using graph convolutional networks},
	author={Gligorijevic, Vladimir and Renfrew, P Douglas and Kosciolek, Tomasz and Leman, Julia Koehler and Berenberg, Daniel and Vatanen, Tommi and Chandler, Chris and Taylor, Bryn C and Fisk, Ian M and Vlamakis, Hera and others},
	journal={bioRxiv},
	pages={786236},
	year={2020},
	publisher={Cold Spring Harbor Laboratory}
}
@article{vazquez2003global,
	title={Global protein function prediction from protein-protein interaction networks},
	author={Vazquez, Alexei and Flammini, Alessandro and Maritan, Amos and Vespignani, Alessandro},
	journal={Nature biotechnology},
	volume={21},
	number={6},
	pages={697--700},
	year={2003},
	publisher={Nature Publishing Group}
}
@article{kovacs2019network,
	title={Network-based prediction of protein interactions},
	author={Kov{\'a}cs, Istv{\'a}n A and Luck, Katja and Spirohn, Kerstin and Wang, Yang and Pollis, Carl and Schlabach, Sadie and Bian, Wenting and Kim, Dae-Kyum and Kishore, Nishka and Hao, Tong and others},
	journal={Nature communications},
	volume={10},
	number={1},
	pages={1--8},
	year={2019},
	publisher={Nature Publishing Group}
}

@article{jia2019ippi,
	title={iPPI-PseAAC (CGR): Identify protein-protein interactions by incorporating chaos game representation into PseAAC},
	author={Jia, Jianhua and Li, Xiaoyan and Qiu, Wangren and Xiao, Xuan and Chou, Kuo-Chen},
	journal={Journal of theoretical biology},
	volume={460},
	pages={195--203},
	year={2019},
	publisher={Elsevier}
}

@article{wang2019predicting,
	title={Predicting protein-protein interactions from matrix-based protein sequence using convolution neural network and feature-selective rotation forest},
	author={Wang, Lei and Wang, Hai-Feng and Liu, San-Rong and Yan, Xin and Song, Ke-Jian},
	journal={Scientific reports},
	volume={9},
	number={1},
	pages={1--12},
	year={2019},
	publisher={Nature Publishing Group}
}
@article{zhang2019protein,
	title={Protein--protein interactions prediction based on ensemble deep neural networks},
	author={Zhang, Long and Yu, Guoxian and Xia, Dawen and Wang, Jun},
	journal={Neurocomputing},
	volume={324},
	pages={10--19},
	year={2019},
	publisher={Elsevier}
}

@article{zeng2020protein,
	title={Protein--protein interaction site prediction through combining local and global features with deep neural networks},
	author={Zeng, Min and Zhang, Fuhao and Wu, Fang-Xiang and Li, Yaohang and Wang, Jianxin and Li, Min},
	journal={Bioinformatics},
	volume={36},
	number={4},
	pages={1114--1120},
	year={2020},
	publisher={Oxford University Press}
}


@article{newaz2018network,
	title={Network-based protein structural classification},
	author={Newaz, Khalique and Ghalehnovi, Mahboobeh and Rahnama, Arash and Antsaklis, Panos J and Milenkovi{\'c}, Tijana},
	journal={Royal Society Open Science},
	volume={7},
	number={6},
	pages={191461},
	year={2018},
	publisher={The Royal Society}
}
@inproceedings{freschi2007protein,
	title={Protein function prediction from interaction networks using a random walk ranking algorithm},
	author={Freschi, Valerio},
	booktitle={2007 IEEE 7th International Symposium on BioInformatics and BioEngineering},
	pages={42--48},
	year={2007},
	organization={IEEE}
}
@article{vascon2020protein,
	title={Protein function prediction as a graph-transduction game},
	author={Vascon, Sebastiano and Frasca, Marco and Tripodi, Rocco and Valentini, Giorgio and Pelillo, Marcello},
	journal={Pattern Recognition Letters},
	volume={134},
	pages={96--105},
	year={2020},
	publisher={Elsevier}
}
@article{you2019netgo,
	title={NetGO: improving large-scale protein function prediction with massive network information},
	author={You, Ronghui and Yao, Shuwei and Xiong, Yi and Huang, Xiaodi and Sun, Fengzhu and Mamitsuka, Hiroshi and Zhu, Shanfeng},
	journal={Nucleic acids research},
	volume={47},
	number={W1},
	pages={W379--W387},
	year={2019},
	publisher={Oxford University Press}
}
@phdthesis{ghalehnovi2019novel,
	title={Novel Computational Approaches for Network-Based Protein Structural Classification},
	author={Ghalehnovi, Mahboobeh},
	year={2019},
	school={University Of Notre Dame}
}

@phdthesis{Susha2019,
	title={Attributed Graph Classification via Deep Graph Convolutional	Neural Networks},
	author={Susha, Pozhampallan},
	year={2019},
	school={University Of Windsor}
}
@article{ogris2018funcoup,
	title={FunCoup 4: new species, data, and visualization},
	author={Ogris, Christoph and Guala, Dimitri and Kaduk, Mateusz and Sonnhammer, Erik LL},
	journal={Nucleic acids research},
	volume={46},
	number={D1},
	pages={D601--D607},
	year={2018},
	publisher={Oxford University Press}
}

@article{wert2021predicting,
	title={Predicting MHC I restricted T cell epitopes in mice with NAP-CNB, a novel online tool},
	author={Wert-Carvajal, Carlos and S{\'a}nchez-Garc{\'\i}a, Rub{\'e}n and Mac{\'\i}as, Jos{\'e} R and Sanz-Pamplona, Rebeca and P{\'e}rez, Almudena M{\'e}ndez and Alemany, Ramon and Veiga, Esteban and Sorzano, Carlos {\'O}scar S and Mu{\~n}oz-Barrutia, Arrate},
	journal={Scientific reports},
	volume={11},
	number={1},
	pages={1--10},
	year={2021},
	publisher={Nature Publishing Group}
}

@article{wood2020neoepiscope,
	title={Neoepiscope improves neoepitope prediction with multivariant phasing},
	author={Wood, Mary A and Nguyen, Austin and Struck, Adam J and Ellrott, Kyle and Nellore, Abhinav and Thompson, Reid F},
	journal={Bioinformatics},
	volume={36},
	number={3},
	pages={713--720},
	year={2020},
	publisher={Oxford University Press}
}

@article{coelho2020neoant,
	title={neoANT-HILL: an integrated tool for identification of potential neoantigens},
	author={Coelho, Ana Carolina MF and Fonseca, Andr{\'e} L and Martins, Danilo L and Lins, Paulo BR and da Cunha, Lucas M and de Souza, Sandro J},
	journal={BMC Medical Genomics},
	volume={13},
	number={1},
	pages={1--8},
	year={2020},
	publisher={BioMed Central}
}

@article{rubinsteyn2018computational,
	title={Computational pipeline for the PGV-001 neoantigen vaccine trial},
	author={Rubinsteyn, Alex and Kodysh, Julia and Hodes, Isaac and Mondet, Sebastien and Aksoy, Bulent Arman and Finnigan, John P and Bhardwaj, Nina and Hammerbacher, Jeffrey},
	journal={Frontiers in immunology},
	volume={8},
	pages={1807},
	year={2018},
	publisher={Frontiers Media SA}
}
@article{kim2018neopepsee,
	title={Neopepsee: accurate genome-level prediction of neoantigens by harnessing sequence and amino acid immunogenicity information},
	author={Kim, Sora and Kim, Han Sang and Kim, Eunyoung and Lee, MG and Shin, E-C and Paik, S},
	journal={Annals of Oncology},
	volume={29},
	number={4},
	pages={1030--1036},
	year={2018},
	publisher={Elsevier}
}

@article{shugay2018vdjdb,
	title={VDJdb: a curated database of T-cell receptor sequences with known antigen specificity},
	author={Shugay, Mikhail and Bagaev, Dmitriy V and Zvyagin, Ivan V and Vroomans, Renske M and Crawford, Jeremy Chase and Dolton, Garry and Komech, Ekaterina A and Sycheva, Anastasiya L and Koneva, Anna E and Egorov, Evgeniy S and others},
	journal={Nucleic acids research},
	volume={46},
	number={D1},
	pages={D419--D427},
	year={2018},
	publisher={Oxford University Press}
}
@article{vita2019immune,
	title={The immune epitope database (IEDB): 2018 update},
	author={Vita, Randi and Mahajan, Swapnil and Overton, James A and Dhanda, Sandeep Kumar and Martini, Sheridan and Cantrell, Jason R and Wheeler, Daniel K and Sette, Alessandro and Peters, Bjoern},
	journal={Nucleic acids research},
	volume={47},
	number={D1},
	pages={D339--D343},
	year={2018},
	publisher={Oxford University Press}
}

@article{wu2018tsnadb,
	title={TSNAdb: a database for tumor-specific neoantigens from immunogenomics data analysis},
	author={Wu, Jingcheng and Zhao, Wenyi and Zhou, Binbin and Su, Zhixi and Gu, Xun and Zhou, Zhan and Chen, Shuqing},
	journal={Genomics, proteomics \& bioinformatics},
	volume={16},
	number={4},
	pages={276--282},
	year={2018},
	publisher={Elsevier}
}

@article{e2019phla3d,
	title={pHLA3D: An online database of predicted three-dimensional structures of HLA molecules},
	author={Oliveira, Deylane Menezes Teles and de Serpa Brand{\~a}o, Rafael Melo Santos and da Mata Sousa, Luiz Claudio Demes and Lima, Francisco das Chagas Alves and do Monte, Semiramis Jamil Hadad and Marroquim, M{\'a}rio S{\'e}rgio Coelho and de Sousa Lima, Antonio Vanildo and Coelho, Antonio Gilberto Borges and Costa, Jhonatan Matheus Sousa and Ramos, Ricardo Martins and others},
	journal={Human Immunology},
	volume={80},
	number={10},
	pages={834--841},
	year={2019},
	publisher={Elsevier}
}
@article{bagaev2020vdjdb,
	title={VDJdb in 2019: database extension, new analysis infrastructure and a T-cell receptor motif compendium},
	author={Bagaev, Dmitry V and Vroomans, Renske MA and Samir, Jerome and Stervbo, Ulrik and Rius, Cristina and Dolton, Garry and Greenshields-Watson, Alexander and Attaf, Meriem and Egorov, Evgeny S and Zvyagin, Ivan V and others},
	journal={Nucleic Acids Research},
	volume={48},
	number={D1},
	pages={D1057--D1062},
	year={2020},
	publisher={Oxford University Press}
}
@article{zhou2019neopeptide,
	title={NeoPeptide: an immunoinformatic database of T-cell-defined neoantigens},
	author={Zhou, Wei-Jun and Qu, Zhi and Song, Chao-Yang and Sun, Yang and Lai, An-Li and Luo, Ma-Yao and Ying, Yu-Zhe and Meng, Hu and Liang, Zhao and He, Yan-Jie and others},
	journal={Database},
	volume={2019},
	year={2019},
	publisher={Oxford Academic}
}

@article{tan2020dbpepneo,
	title={dbPepNeo: a manually curated database for human tumor neoantigen peptides},
	author={Tan, Xiaoxiu and Li, Daixi and Huang, Pengjie and Jian, Xingxing and Wan, Huihui and Wang, Guangzhi and Li, Yuyu and Ouyang, Jian and Lin, Yong and Xie, Lu},
	journal={Database},
	volume={2020},
	year={2020},
	publisher={Oxford Academic}
}

@article{lu2022dbpepneo2,
	title={dbPepNeo2. 0: A Database for Human Tumor Neoantigen Peptides From Mass Spectrometry and TCR Recognition},
	author={Lu, Manman and Xu, Linfeng and Jian, Xingxing and Tan, Xiaoxiu and Zhao, Jingjing and Liu, Zhenhao and Zhang, Yu and Liu, Chunyu and Chen, Lanming and Lin, Yong and others},
	journal={Frontiers in immunology},
	pages={1583},
	year={2022},
	publisher={Frontiers}
}
@article{zhang2022introspect,
	title={IntroSpect: Motif-Guided Immunopeptidome Database Building Tool to Improve the Sensitivity of HLA I Binding Peptide Identification by Mass Spectrometry},
	author={Zhang, Le and Liu, Geng and Hou, Guixue and Xiang, Haitao and Zhang, Xi and Huang, Ying and Zhang, Xiuqing and Li, Bo and Lee, Leo J},
	journal={Biomolecules},
	volume={12},
	number={4},
	pages={579},
	year={2022},
	publisher={Multidisciplinary Digital Publishing Institute}
}

@article{terai2022valid,
	title={Valid-NEO: A Multi-Omics Platform for Neoantigen Detection and Quantification from Limited Clinical Samples},
	author={Terai, Yuri Laguna and Huang, Chun and Wang, Baoli and Kang, Xiaonan and Han, Jing and Douglass, Jacqueline and Hsiue, Emily Han-Chung and Zhang, Ming and Purohit, Raj and deSilva, Taylor and others},
	journal={Cancers},
	volume={14},
	number={5},
	pages={1243},
	year={2022},
	publisher={MDPI}
}

@article{wang2009rna,
	title={RNA-Seq: a revolutionary tool for transcriptomics},
	author={Wang, Zhong and Gerstein, Mark and Snyder, Michael},
	journal={Nature reviews genetics},
	volume={10},
	number={1},
	pages={57--63},
	year={2009},
	publisher={Nature Publishing Group}
}

@article{tran2022tale,
	title={A tale of solving two computational challenges in protein science: neoantigen prediction and protein structure prediction},
	author={Tran, Ngoc Hieu and Xu, Jinbo and Li, Ming},
	journal={Briefings in bioinformatics},
	volume={23},
	number={1},
	pages={bbab493},
	year={2022},
	publisher={Oxford University Press}
}
@article{lang2022identification,
	title={Identification of neoantigens for individualized therapeutic cancer vaccines},
	author={Lang, Franziska and Schr{\"o}rs, Barbara and L{\"o}wer, Martin and T{\"u}reci, {\"O}zlem and Sahin, Ugur},
	journal={Nature Reviews Drug Discovery},
	volume={21},
	number={4},
	pages={261--282},
	year={2022},
	publisher={Nature Publishing Group}
}
@article{okada2022identification,
	title={Identification of Neoantigens in Cancer Cells as Targets for Immunotherapy},
	author={Okada, Masahiro and Shimizu, Kanako and Fujii, Shin-ichiro},
	journal={International Journal of Molecular Sciences},
	volume={23},
	number={5},
	pages={2594},
	year={2022},
	publisher={MDPI}
}
@article{bollineni2022chasing,
	title={Chasing neoantigens; invite na{\""\i}ve T cells to the party},
	author={Bollineni, Ravi Chand and Tran, Trung T and Lund-Johansen, Fridtjof and Olweus, Johanna},
	journal={Current Opinion in Immunology},
	volume={75},
	pages={102172},
	year={2022},
	publisher={Elsevier}
}
@article{richard2022neoantigen,
	title={Neoantigen-based personalized cancer vaccines: the emergence of precision cancer immunotherapy},
	author={Richard, Guilhem and Princiotta, Michael F and Bridon, Dominique and Martin, William D and Steinberg, Gary D and De Groot, Anne S},
	journal={Expert Review of Vaccines},
	volume={21},
	number={2},
	pages={173--184},
	year={2022},
	publisher={Taylor \& Francis}
}
@article{pao2022therapeutic,
	title={Therapeutic Vaccines Targeting Neoantigens to Induce T-Cell Immunity against Cancers},
	author={Pao, Shih-Cheng and Chu, Mu-Tzu and Hung, Shuen-Iu},
	journal={Pharmaceutics},
	volume={14},
	number={4},
	pages={867},
	year={2022},
	publisher={Multidisciplinary Digital Publishing Institute}
}

@article{fang2022neoantigens,
	title={Neoantigens and their potential applications in tumor immunotherapy},
	author={Fang, Xianzhu and Guo, Zhiliang and Liang, Jinqing and Wen, Jiao and Liu, Yuanyuan and Guan, Xiumei and Li, Hong},
	journal={Oncology Letters},
	volume={23},
	number={3},
	pages={1--9},
	year={2022},
	publisher={Spandidos Publications}
}
@article{zheng2022neoantigen,
	title={Neoantigen: A Promising Target for the Immunotherapy of Colorectal Cancer},
	author={Zheng, Yue and Fu, Yang and Wang, Pei-Pei and Ding, Zhen-Yu},
	journal={Disease Markers},
	volume={2022},
	year={2022},
	publisher={Hindawi}
}
@article{redwood2022s,
	title={What’s next in cancer immunotherapy?-The promise and challenges of neoantigen vaccination},
	author={Redwood, Alec J and Dick, Ian M and Creaney, Jenette and Robinson, Bruce WS},
	journal={Oncoimmunology},
	volume={11},
	number={1},
	pages={2038403},
	year={2022},
	publisher={Taylor \& Francis}
}
@article{reynolds2022neoantigen,
	title={Neoantigen Cancer Vaccines: Generation, Optimization, and Therapeutic Targeting Strategies},
	author={Reynolds, Carson R and Tran, Son and Jain, Mohit and Narendran, Aru},
	journal={Vaccines},
	volume={10},
	number={2},
	pages={196},
	year={2022},
	publisher={MDPI}
}
@article{roesler2022beyond,
	title={Beyond Sequencing: Prioritizing and Delivering Neoantigens for Cancer Vaccines},
	author={Roesler, Alexander S and Anderson, Karen S},
	journal={Vaccine Design},
	pages={649--670},
	year={2022},
	publisher={Springer}
}
@article{zhou2022comprehensive,
	title={A Comprehensive Survey of Genomic Mutations in Breast Cancer Reveals Recurrent Neoantigens as Potential Therapeutic Targets},
	author={Zhou, Si and Liu, Songming and Zhao, Lijian and Sun, Hai-Xi},
	journal={Frontiers in oncology},
	volume={12},
	year={2022},
	publisher={Frontiers Media SA}
}
@incollection{perez2022structural,
	title={Structural Prediction of Peptide--MHC Binding Modes},
	author={Perez, Marta AS and Cuendet, Michel A and R{\""o}hrig, Ute F and Michielin, Olivier and Zoete, Vincent},
	booktitle={Computational Peptide Science},
	pages={245--282},
	year={2022},
	publisher={Springer}
}
@incollection{mccaffrey2022bioinformatic,
	title={Bioinformatic Techniques for Vaccine Development: Epitope Prediction and Structural Vaccinology},
	author={McCaffrey, Peter},
	booktitle={Vaccine Design},
	pages={413--423},
	year={2022},
	publisher={Springer}
}


@article{fotakis2021computational,
	title={Computational cancer neoantigen prediction: current status and recent advances},
	author={Fotakis, Georgios and Trajanoski, Zlatko and Rieder, Dietmar},
	journal={Immuno-Oncology and Technology},
	volume={12},
	pages={100052},
	year={2021},
	publisher={Elsevier}
}
@article{wang2021beyond,
	title={Beyond tumor mutation burden: tumor neoantigen burden as a biomarker for immunotherapy and other types of therapy},
	author={Wang, Peipei and Chen, Yueyun and Wang, Chun},
	journal={Frontiers in Oncology},
	volume={11},
	pages={672677},
	year={2021},
	publisher={Frontiers Media SA}
}
@article{ferreira2021glycoproteogenomics,
	title={Glycoproteogenomics: setting the course for next-generation cancer neoantigen discovery for cancer vaccines},
	author={Ferreira, Jos{\'e} Alexandre and Relvas-Santos, Marta and Peixoto, Andreia and Silva, Andr{\'e} MN and Santos, L{\'u}cio Lara},
	journal={Genomics, Proteomics \& Bioinformatics},
	volume={19},
	number={1},
	pages={25--43},
	year={2021},
	publisher={Elsevier}
}

@article{kast2021advances,
	title={Advances in identification and selection of personalized neoantigen/T-cell pairs for autologous adoptive T cell therapies},
	author={Kast, Florian and Klein, Christian and Uma{\~n}a, Pablo and Gros, Alena and Gasser, Stephan},
	journal={OncoImmunology},
	volume={10},
	number={1},
	pages={1869389},
	year={2021},
	publisher={Taylor \& Francis}
}
@article{blass2021advances,
	title={Advances in the development of personalized neoantigen-based therapeutic cancer vaccines},
	author={Blass, Eryn and Ott, Patrick A},
	journal={Nature Reviews Clinical Oncology},
	volume={18},
	number={4},
	pages={215--229},
	year={2021},
	publisher={Nature Publishing Group}
}
@article{wang2021gene,
	title={Gene fusion neoantigens: Emerging targets for cancer immunotherapy},
	author={Wang, Yue and Shi, Tao and Song, Xueru and Liu, Baorui and Wei, Jia},
	journal={Cancer Letters},
	volume={506},
	pages={45--54},
	year={2021},
	publisher={Elsevier}
}
@article{pearlman2021targeting,
	title={Targeting public neoantigens for cancer immunotherapy},
	author={Pearlman, Alexander H and Hwang, Michael S and Konig, Maximilian F and Hsiue, Emily Han-Chung and Douglass, Jacqueline and DiNapoli, Sarah R and Mog, Brian J and Bettegowda, Chetan and Pardoll, Drew M and Gabelli, Sandra B and others},
	journal={Nature cancer},
	volume={2},
	number={5},
	pages={487--497},
	year={2021},
	publisher={Nature Publishing Group}
}
@article{schaap2021t,
	title={T Cell Epitope Prediction and Its Application to Immunotherapy},
	author={Schaap-Johansen, Anna-Lisa and Vujovi{\'c}, Milena and Borch, Annie and Hadrup, Sine Reker and Marcatili, Paolo},
	journal={Frontiers in Immunology},
	volume={12},
	year={2021},
	publisher={Frontiers Media SA}
}


@article{arnaud2020biotechnologies,
	title={Biotechnologies to tackle the challenge of neoantigen identification},
	author={Arnaud, Marion and Duchamp, Margaux and Bobisse, Sara and Renaud, Philippe and Coukos, George and Harari, Alexandre},
	journal={Current opinion in biotechnology},
	volume={65},
	pages={52--59},
	year={2020},
	publisher={Elsevier}
}


@article{kote2020mass,
	title={Mass spectrometry-based identification of MHC-associated peptides},
	author={Kote, Sachin and Pirog, Artur and Bedran, Georges and Alfaro, Javier and Dapic, Irena},
	journal={Cancers},
	volume={12},
	number={3},
	pages={535},
	year={2020},
	publisher={MDPI}
}
@article{fritsch2020personal,
	title={Personal neoantigen cancer vaccines: a road not fully paved},
	author={Fritsch, Edward F and Burkhardt, Ute E and Hacohen, Nir and Wu, Catherine J},
	journal={Cancer immunology research},
	volume={8},
	number={12},
	pages={1465--1469},
	year={2020},
	publisher={AACR}
}
@article{holtstrater2020bioinformatics,
	title={Bioinformatics for cancer immunotherapy},
	author={Holtstr{\"a}ter, Christoph and Schr{\"o}rs, Barbara and Bukur, Thomas and L{\"o}wer, Martin},
	journal={Bioinformatics for Cancer Immunotherapy},
	pages={1--9},
	year={2020},
	publisher={Springer}
}

@article{roudko2020computational,
	title={Computational prediction and validation of tumor-associated neoantigens},
	author={Roudko, Vladimir and Greenbaum, Benjamin and Bhardwaj, Nina},
	journal={Frontiers in Immunology},
	volume={11},
	pages={27},
	year={2020},
	publisher={Frontiers Media SA}
}
@article{bianchi2020neoantigen,
	title={Neoantigen-specific adoptive cell therapies for cancer: making T-cell products more personal},
	author={Bianchi, Valentina and Harari, Alexandre and Coukos, George},
	journal={Frontiers in Immunology},
	volume={11},
	pages={1215},
	year={2020},
	publisher={Frontiers Media SA}
}
@article{esprit2020neo,
	title={Neo-antigen mRNA vaccines},
	author={Esprit, Arthur and de Mey, Wout and Bahadur Shahi, Rajendra and Thielemans, Kris and Franceschini, Lorenzo and Breckpot, Karine},
	journal={Vaccines},
	volume={8},
	number={4},
	pages={776},
	year={2020},
	publisher={MDPI}
}
@article{chen2020personalized,
	title={Personalized neoantigen vaccination with synthetic long peptides: recent advances and future perspectives},
	author={Chen, Xiaotong and Yang, Ju and Wang, Lifeng and Liu, Baorui},
	journal={Theranostics},
	volume={10},
	number={13},
	pages={6011},
	year={2020},
	publisher={Ivyspring International Publisher}
}
@article{battaglia2020neoantigen,
	title={Neoantigen prediction from genomic and transcriptomic data},
	author={Battaglia, Sebastiano},
	journal={Methods in Enzymology},
	volume={635},
	pages={267--281},
	year={2020},
	publisher={Elsevier}
}
@article{zvyagin2020overview,
	title={An overview of immunoinformatics approaches and databases linking T cell receptor repertoires to their antigen specificity},
	author={Zvyagin, Ivan V and Tsvetkov, Vasily O and Chudakov, Dmitry M and Shugay, Mikhail},
	journal={Immunogenetics},
	volume={72},
	number={1},
	pages={77--84},
	year={2020},
	publisher={Springer}
}
@article{londhe2020personalized,
	title={Personalized neoantigen vaccines: A glimmer of hope for glioblastoma},
	author={Londhe, Vaishali Y and Date, Varada},
	journal={Expert Review of Vaccines},
	volume={19},
	number={5},
	pages={407--417},
	year={2020},
	publisher={Taylor \& Francis}
}
@incollection{bhinder2020computational,
	title={Computational methods in tumor immunology},
	author={Bhinder, Bhavneet and Elemento, Olivier},
	booktitle={Methods in Enzymology},
	volume={636},
	pages={209--259},
	year={2020},
	publisher={Elsevier}
}
@inproceedings{mateo2020comparison,
	title={Comparison of machine learning models for the prediction of cancer cells using MHC class I complexes},
	author={Mateo, N and Canon, {\'A}lvaro David Orjuela and Charry, Oscar Jul{\'\i}an Perdomo},
	booktitle={16th International Symposium on Medical Information Processing and Analysis},
	volume={11583},
	pages={180--187},
	year={2020},
	organization={SPIE}
}
@incollection{mirandola2020quest,
	title={The Quest for the Next-Generation of Tumor Targets: Discovery and Prioritization in the Genomics Era},
	author={Mirandola, Leonardo and Marincola, Franco and Rotino, Gianluca and Figueroa, Jose A and Grizzi, Fabio and Bresalier, Robert and Chiriva-Internati, Maurizio},
	booktitle={Immuno-Oncology},
	pages={239--253},
	year={2020},
	publisher={Springer}
}
@article{han2020progress,
	title={Progress in neoantigen targeted cancer immunotherapies},
	author={Han, Xue-Jiao and Ma, Xue-lei and Yang, Li and Wei, Yu-quan and Peng, Yong and Wei, Xia-wei},
	journal={Frontiers in Cell and Developmental Biology},
	volume={8},
	pages={728},
	year={2020},
	publisher={Frontiers Media SA}
}
@article{keshavarzi2020ai,
	title={AI and Immunoinformatics},
	author={Keshavarzi Arshadi, Arash and Salem, Milad},
	journal={Artificial Intelligence in Medicine},
	pages={1--9},
	year={2020},
	publisher={Springer}
}
@article{mei2020comprehensive,
	title={A comprehensive review and performance evaluation of bioinformatics tools for HLA class I peptide-binding prediction},
	author={Mei, Shutao and Li, Fuyi and Leier, Andr{\'e} and Marquez-Lago, Tatiana T and Giam, Kailin and Croft, Nathan P and Akutsu, Tatsuya and Smith, A Ian and Li, Jian and Rossjohn, Jamie and others},
	journal={Briefings in bioinformatics},
	volume={21},
	number={4},
	pages={1119--1135},
	year={2020},
	publisher={Oxford University Press}
}
@article{tanner2020deep,
	title={DEEP LEARNING TECHNIQUES FOR ANTIGEN-BASED VACCINE DEVELOPMENT: AREVIEW},
	author={Tanner, Irene},
	year={2020}
}
@article{nielsen2020immunoinformatics,
	title={Immunoinformatics: predicting peptide--MHC binding},
	author={Nielsen, Morten and Andreatta, Massimo and Peters, Bjoern and Buus, S{\o}ren},
	year={2020},
	journal={Annual Review}
}
@article{liu2020review,
	title={A review on the methods of peptide-MHC binding prediction},
	author={Liu, Yang and Ouyang, Xia-hui and Xiao, Zhi-Xiong and Zhang, Le and Cao, Yang},
	journal={Current Bioinformatics},
	volume={15},
	number={8},
	pages={878--888},
	year={2020},
	publisher={Bentham Science Publishers}
}
@article{paul2020major,
	title={Major histocompatibility complex binding, eluted ligands, and immunogenicity: benchmark testing and predictions},
	author={Paul, Sinu and Grifoni, Alba and Peters, Bjoern and Sette, Alessandro},
	journal={Frontiers in immunology},
	volume={10},
	pages={3151},
	year={2020},
	publisher={Frontiers Media SA}
}
@inproceedings{sidney2020epitope,
	title={Epitope prediction and identification-adaptive T cell responses in humans},
	author={Sidney, John and Peters, Bjoern and Sette, Alessandro},
	booktitle={Seminars in immunology},
	volume={50},
	pages={101418},
	year={2020},
	organization={Elsevier}
}
@article{radwan2020advances,
	title={Advances in the evolutionary understanding of MHC polymorphism},
	author={Radwan, Jacek and Babik, Wies{\l}aw and Kaufman, Jim and Lenz, Tobias L and Winternitz, Jamie},
	journal={Trends in Genetics},
	volume={36},
	number={4},
	pages={298--311},
	year={2020},
	publisher={Elsevier}
}


@article{richters2019best,
	title={Best practices for bioinformatic characterization of neoantigens for clinical utility},
	author={Richters, Megan M and Xia, Huiming and Campbell, Katie M and Gillanders, William E and Griffith, Obi L and Griffith, Malachi},
	journal={Genome medicine},
	volume={11},
	number={1},
	pages={1--21},
	year={2019},
	publisher={BioMed Central}
}
@article{jiang2019tumor,
	title={Tumor neoantigens: from basic research to clinical applications},
	author={Jiang, Tao and Shi, Tao and Zhang, Henghui and Hu, Jie and Song, Yuanlin and Wei, Jia and Ren, Shengxiang and Zhou, Caicun},
	journal={Journal of hematology \& oncology},
	volume={12},
	number={1},
	pages={1--13},
	year={2019},
	publisher={Springer}
}
@article{boegel2019bioinformatic,
	title={Bioinformatic methods for cancer neoantigen prediction},
	author={Boegel, Sebastian and Castle, John C and Kodysh, Julia and O'Donnell, Timothy and Rubinsteyn, Alex},
	journal={Progress in molecular biology and translational science},
	volume={164},
	pages={25--60},
	year={2019},
	publisher={Elsevier}
}
@article{mardis2019neoantigens,
	title={Neoantigens and genome instability: Impact on immunogenomic phenotypes and immunotherapy response},
	author={Mardis, Elaine R},
	journal={Genome medicine},
	volume={11},
	number={1},
	pages={1--12},
	year={2019},
	publisher={Springer}
}
@misc{de2019advancing,
	title={Advancing cancer immunotherapy: a vision for the field},
	author={de Miranda, Noel FCC and Trajanoski, Zlatko},
	journal={Genome Medicine},
	volume={11},
	number={1},
	pages={1--3},
	year={2019},
	publisher={BioMed Central}
}
@article{schmidt2019mhc,
	title={MHC class I presented antigens from malignancies: A perspective on analytical characterization \& immunogenicity},
	author={Schmidt, Maike and Lill, Jennie R},
	journal={Journal of proteomics},
	volume={191},
	pages={48--57},
	year={2019},
	publisher={Elsevier}
}


@article{spear2019understanding,
	title={Understanding TCR affinity, antigen specificity, and cross-reactivity to improve TCR gene-modified T cells for cancer immunotherapy},
	author={Spear, Timothy T and Evavold, Brian D and Baker, Brian M and Nishimura, Michael I},
	journal={Cancer Immunology, Immunotherapy},
	volume={68},
	number={11},
	pages={1881--1889},
	year={2019},
	publisher={Springer}
}

@article{aurisicchio2018perfect,
	title={The perfect personalized cancer therapy: cancer vaccines against neoantigens},
	author={Aurisicchio, Luigi and Pallocca, Matteo and Ciliberto, Gennaro and Palombo, Fabio},
	journal={Journal of Experimental \& Clinical Cancer Research},
	volume={37},
	number={1},
	pages={1--10},
	year={2018},
	publisher={BioMed Central}
}
@article{jensen2018improved,
	title={Improved methods for predicting peptide binding affinity to MHC class II molecules},
	author={Jensen, Kamilla Kjaergaard and Andreatta, Massimo and Marcatili, Paolo and Buus, S{\o}ren and Greenbaum, Jason A and Yan, Zhen and Sette, Alessandro and Peters, Bjoern and Nielsen, Morten},
	journal={Immunology},
	volume={154},
	number={3},
	pages={394--406},
	year={2018},
	publisher={Wiley Online Library}
}
@book{hundal2018sequence,
	title={Sequence analysis methods for the design of cancer vaccines that target tumor-specific mutant antigens (neoantigens)},
	author={Hundal, Jasreet},
	year={2018},
	publisher={Washington University in St. Louis}
}
@article{li2018recent,
	title={Recent updates in cancer immunotherapy: a comprehensive review and perspective of the 2018 China Cancer Immunotherapy Workshop in Beijing},
	author={Li, Zihai and Song, Wenru and Rubinstein, Mark and Liu, Delong},
	journal={Journal of Hematology \& Oncology},
	volume={11},
	number={1},
	pages={1--15},
	year={2018},
	publisher={BioMed Central}
}
@article{barros2018immunological,
	title={Immunological-based approaches for cancer therapy},
	author={Barros, Luciana and Pretti, Marco Antonio and Chicaybam, Leonardo and Abdo, Luiza and Boroni, Mariana and Bonamino, Martin Hern{\'a}n},
	journal={Clinics},
	volume={73},
	year={2018},
	publisher={SciELO Brasil}
}
@phdthesis{sidhom2018applications,
	title={Applications of Artificial Intelligence \& Machine Learning in Cancer Immunology},
	author={Sidhom, John-William and others},
	year={2018},
	school={Johns Hopkins University}
}
@article{groisberg2018immunotherapy,
	title={Immunotherapy and next-generation sequencing guided therapy for precision oncology: what have we learnt and what does the future hold?},
	author={Groisberg, Roman and Maymani, Hossein and Subbiah, Vivek},
	journal={Expert review of precision medicine and drug development},
	volume={3},
	number={3},
	pages={205--213},
	year={2018},
	publisher={Taylor \& Francis}
}
@article{tureci2018challenges,
	title={Challenges towards the realization of individualized cancer vaccines},
	author={T{\"u}reci, {\"O}zlem and L{\"o}wer, Martin and Schr{\"o}rs, Barbara and Lang, Maren and Tadmor, Arbel and Sahin, Ugur},
	journal={Nature Biomedical Engineering},
	volume={2},
	number={8},
	pages={566--569},
	year={2018},
	publisher={Nature Publishing Group}
}
@article{doytchinova2018silico,
	title={In silico prediction of cancer immunogens: current state of the art},
	author={Doytchinova, Irini A and Flower, Darren R},
	journal={BMC immunology},
	volume={19},
	number={1},
	pages={1--9},
	year={2018},
	publisher={BioMed Central}
}
@article{antunes2018structure,
	title={Structure-based methods for binding mode and binding affinity prediction for peptide-MHC complexes},
	author={Antunes, Dinler A and Abella, Jayvee R and Devaurs, Didier and Rigo, Mauricio M and Kavraki, Lydia E},
	journal={Current topics in medicinal chemistry},
	volume={18},
	number={26},
	pages={2239--2255},
	year={2018},
	publisher={Bentham Science Publishers}
}
@article{kar2018current,
	title={Current methods for the prediction of T-cell epitopes},
	author={Kar, Prattusha and Ruiz-Perez, Lanie and Arooj, Mahreen and Mancera, Ricardo L},
	journal={Peptide Science},
	volume={110},
	number={2},
	pages={e24046},
	year={2018},
	publisher={Wiley Online Library}
}
@article{villani2018systems,
	title={Systems immunology: learning the rules of the immune system},
	author={Villani, Alexandra-Chlo{\'e} and Sarkizova, Siranush and Hacohen, Nir},
	journal={Annual review of immunology},
	volume={36},
	pages={813},
	year={2018},
	publisher={NIH Public Access}
}
@article{creech2018role,
	title={The role of mass spectrometry and proteogenomics in the advancement of HLA epitope prediction},
	author={Creech, Amanda L and Ting, Ying S and Goulding, Scott P and Sauld, John FK and Barthelme, Dominik and Rooney, Michael S and Addona, Terri A and Abelin, Jennifer G},
	journal={Proteomics},
	volume={18},
	number={12},
	pages={1700259},
	year={2018},
	publisher={Wiley Online Library}
}








%%%%%%%%%%%%%%%%%%%
% deep learning aqui
%%%%%%%%%%%%%%%%%

@article{sidhom2018ai,
	title={AI-MHC: an allele-integrated deep learning framework for improving Class I \& Class II HLA-binding predictions},
	author={Sidhom, John-William and Pardoll, Drew and Baras, Alexander},
	journal={bioRxiv},
	pages={318881},
	year={2018},
	publisher={Cold Spring Harbor Laboratory}
}
@article{besser2018cross,
	title={Cross-modality deep learning-based prediction of TAP binding and naturally processed peptide},
	author={Besser, Hanan and Louzoun, Yoram},
	journal={Immunogenetics},
	volume={70},
	number={7},
	pages={419--428},
	year={2018},
	publisher={Springer}
}
@article{xiao2018silico,
	title={In silico design of MHC class I high binding affinity peptides through motifs activation map},
	author={Xiao, Zhoujian and Zhang, Yuwei and Yu, Runsheng and Chen, Yin and Jiang, Xiaosen and Wang, Ziwei and Li, Shuaicheng},
	journal={BMC bioinformatics},
	volume={19},
	number={19},
	pages={13--24},
	year={2018},
	publisher={Springer}
}
@article{altay2018tensorflow,
	title={Tensorflow Based Deep Learning Model and Snakemake Workflow for Peptide-Protein Binding Predictions},
	author={Altay, Gokmen},
	journal={bioRxiv},
	pages={410928},
	year={2018},
	publisher={Cold Spring Harbor Laboratory}
}
@misc{han2018deep,
	title={Deep convolutional neural networks for peptide-MHC binding predictions},
	author={Han, Youngmahn},
	year={2018}
}

@article{shen2018utility,
	title={The utility of supertype clustering in prediction for class II MHC-peptide binding},
	author={Shen, Wen-Jun and Zhang, Xun and Zhang, Shaohong and Liu, Cheng and Cui, Wenjuan},
	journal={Molecules},
	volume={23},
	number={11},
	pages={3034},
	year={2018},
	publisher={MDPI}
}
@article{o2018mhcflurry,
	title={MHCflurry: open-source class I MHC binding affinity prediction},
	author={O'Donnell, Timothy J and Rubinsteyn, Alex and Bonsack, Maria and Riemer, Angelika B and Laserson, Uri and Hammerbacher, Jeff},
	journal={Cell systems},
	volume={7},
	number={1},
	pages={129--132},
	year={2018},
	publisher={Elsevier}
}
@article{devette2018neth2pan,
	title={NetH2pan: A Computational Tool to Guide MHC Peptide Prediction on Murine TumorsNetH2pan: A Multi-Allele Predictor for Murine MHCI Epitopes},
	author={DeVette, Christa I and Andreatta, Massimo and Bardet, Wilfried and Cate, Steven J and Jurtz, Vanessa I and Jackson, Kenneth W and Welm, Alana L and Nielsen, Morten and Hildebrand, William H},
	journal={Cancer immunology research},
	volume={6},
	number={6},
	pages={636--644},
	year={2018},
	publisher={AACR}
}


@misc{wilson2018random,
	title={A Random Forest based approach to MHC class I epitope prediction and analysis},
	author={Wilson, Eric A and Krishna, Sri and Anderson, Karen S},
	year={2018},
	publisher={Am Assoc Immnol}
}


@article{phloyphisut2019mhcseqnet,
	title={MHCSeqNet: a deep neural network model for universal MHC binding prediction},
	author={Phloyphisut, Poomarin and Pornputtapong, Natapol and Sriswasdi, Sira and Chuangsuwanich, Ekapol},
	journal={BMC bioinformatics},
	volume={20},
	number={1},
	pages={1--10},
	year={2019},
	publisher={BioMed Central}
}
@article{boehm2019predicting,
	title={Predicting peptide presentation by major histocompatibility complex class I: an improved machine learning approach to the immunopeptidome},
	author={Boehm, Kevin Michael and Bhinder, Bhavneet and Raja, Vijay Joseph and Dephoure, Noah and Elemento, Olivier},
	journal={BMC bioinformatics},
	volume={20},
	number={1},
	pages={1--11},
	year={2019},
	publisher={Springer}
}

@article{zhao2019peptide,
	title={Peptide-major histocompatibility complex class I binding prediction based on deep learning with novel feature},
	author={Zhao, Tianyi and Cheng, Liang and Zang, Tianyi and Hu, Yang},
	journal={Frontiers in Genetics},
	volume={10},
	pages={1191},
	year={2019},
	publisher={Frontiers Media SA}
}

@article{chen2019predicting,
	title={Predicting HLA class II antigen presentation through integrated deep learning},
	author={Chen, Binbin and Khodadoust, Michael S and Olsson, Niclas and Wagar, Lisa E and Fast, Ethan and Liu, Chih Long and Muftuoglu, Yagmur and Sworder, Brian J and Diehn, Maximilian and Levy, Ronald and others},
	journal={Nature biotechnology},
	volume={37},
	number={11},
	pages={1332--1343},
	year={2019},
	publisher={Nature Publishing Group}
}

@article{karunratanakul2019uncovering,
	title={Uncovering thousands of new peptides with sequence-mask-search hybrid de novo peptide sequencing framework},
	author={Karunratanakul, Korrawe and Tang, Hsin-Yao and Speicher, David W and Chuangsuwanich, Ekapol and Sriswasdi, Sira},
	journal={Molecular \& Cellular Proteomics},
	volume={18},
	number={12},
	pages={2478--2491},
	year={2019},
	publisher={ASBMB}
}


@article{chen2019predicting,
	title={Predicting HLA class II antigen presentation through integrated deep learning},
	author={Chen, Binbin and Khodadoust, Michael S and Olsson, Niclas and Wagar, Lisa E and Fast, Ethan and Liu, Chih Long and Muftuoglu, Yagmur and Sworder, Brian J and Diehn, Maximilian and Levy, Ronald and others},
	journal={Nature biotechnology},
	volume={37},
	number={11},
	pages={1332--1343},
	year={2019},
	publisher={Nature Publishing Group}
}
@article{tran2019deep,
	title={Deep learning enables de novo peptide sequencing from data-independent-acquisition mass spectrometry},
	author={Tran, Ngoc Hieu and Qiao, Rui and Xin, Lei and Chen, Xin and Liu, Chuyi and Zhang, Xianglilan and Shan, Baozhen and Ghodsi, Ali and Li, Ming},
	journal={Nature methods},
	volume={16},
	number={1},
	pages={63--66},
	year={2019},
	publisher={Nature Publishing Group}
}
@article{sidhom2019deeptcr,
	title={DeepTCR: a deep learning framework for understanding T-cell receptor sequence signatures within complex T-cell repertoires},
	author={Sidhom, John-William and Larman, H Benjamin and Ross-MacDonald, Petra and Wind-Rotolo, Megan and Pardoll, Drew M and Baras, Alexander S},
	journal={BioRxiv},
	pages={464107},
	year={2019},
	publisher={Cold Spring Harbor Laboratory}
}

@article{karunratanakul2019uncovering,
	title={Uncovering thousands of new HLA antigens and phosphopeptides with deep learning-based sequence-mask-search de novo peptide sequencing framework},
	author={Karunratanakul, Korrawe and Tang, Hsin-Yao and Speicher, David W and Chuangsuwanich, Ekapol and Sriswasdi, Sira},
	journal={bioRxiv},
	pages={667527},
	year={2019},
	publisher={Cold Spring Harbor Laboratory}
}
@inproceedings{xie2019mhcherrypan,
	title={MHCherryPan. a novel model to predict the binding affinity of pan-specific class I HLA-peptide},
	author={Xie, Xuezhi and Han, Yuanyuan and Zhang, Kaizhong},
	booktitle={2019 IEEE International Conference on Bioinformatics and Biomedicine (BIBM)},
	pages={548--554},
	year={2019},
	organization={IEEE}
}


Revisión sistemática
Revisión sistemática
100%
6
V86

@article{robinson2020ipd,
	title={Ipd-imgt/hla database},
	author={Robinson, James and Barker, Dominic J and Georgiou, Xenia and Cooper, Michael A and Flicek, Paul and Marsh, Steven GE},
	journal={Nucleic acids research},
	volume={48},
	number={D1},
	pages={D948--D955},
	year={2020},
	publisher={Oxford University Press}
}
Para habilitar la compatibilidad con lectores de pantalla, pulsa Ctrl+Alt+Z. Para obtener información acerca de las combinaciones de teclas, pulsa Ctrl+barra diagonal.






@article{liu2019deepseqpan,
	title={DeepSeqPan, a novel deep convolutional neural network model for pan-specific class I HLA-peptide binding affinity prediction},
	author={Liu, Zhonghao and Cui, Yuxin and Xiong, Zheng and Nasiri, Alierza and Zhang, Ansi and Hu, Jianjun},
	journal={Scientific reports},
	volume={9},
	number={1},
	pages={1--10},
	year={2019},
	publisher={Nature Publishing Group}
}
@inproceedings{kim2019computational,
	title={A computational framework for deep learning-based epitope prediction by using structure and sequence information},
	author={Kim, Younghoon and Lee, Junehawk and Ha, Kyungsoo and Lee, Won-Kyu and Heo, Deok Rim and Woo, Ju Rang and Yu, Seok Jong},
	booktitle={2019 IEEE International Conference on Bioinformatics and Biomedicine (BIBM)},
	pages={1208--1210},
	year={2019},
	organization={IEEE}
}
@article{hu2019acme,
	title={ACME: pan-specific peptide--MHC class I binding prediction through attention-based deep neural networks},
	author={Hu, Yan and Wang, Ziqiang and Hu, Hailin and Wan, Fangping and Chen, Lin and Xiong, Yuanpeng and Wang, Xiaoxia and Zhao, Dan and Huang, Weiren and Zeng, Jianyang},
	journal={Bioinformatics},
	volume={35},
	number={23},
	pages={4946--4954},
	year={2019},
	publisher={Oxford University Press}
}
@article{kathuria2019maria,
	title={Maria-I: A Deep-Learning Approach for Accurate Prediction of MHC Class I Tumor Neoantigen Presentation},
	author={Kathuria, Karan R and Chen, Binbin and Khodadoust, Michael S and Olsson, Niclas and Davis, Mark M and Elias, Joshua E and Levy, Ronald and Altman, Russ B and Alizadeh, Arash A},
	journal={Blood},
	volume={134},
	pages={84},
	year={2019},
	publisher={Elsevier}
}
@article{zeng2019deepligand,
	title={DeepLigand: accurate prediction of MHC class I ligands using peptide embedding},
	author={Zeng, Haoyang and Gifford, David K},
	journal={Bioinformatics},
	volume={35},
	number={14},
	pages={i278--i283},
	year={2019},
	publisher={Oxford University Press}
}
@article{boucher2019mhc,
	title={MHC class II antigen identification for cancer immunotherapy by deep learning on tumor HLA peptides},
	author={Boucher, Tommy and Davis, Matthew and Palmer, Christine and Murphy, Tyler and Clark, Andrew and Duke, Fujiko and Yang, Aaron and Young, Lauren and Jooss, Karin and Skoberne, Mojca and others},
	journal={Cancer Research},
	volume={79},
	number={13\_Supplement},
	pages={4445--4445},
	year={2019},
	publisher={AACR}
}
@article{boehm2019predicting,
	title={Predicting peptide presentation by major histocompatibility complex class I: an improved machine learning approach to the immunopeptidome},
	author={Boehm, Kevin Michael and Bhinder, Bhavneet and Raja, Vijay Joseph and Dephoure, Noah and Elemento, Olivier},
	journal={BMC bioinformatics},
	volume={20},
	number={1},
	pages={1--11},
	year={2019},
	publisher={Springer}
}
"
@article{rodriguez2019generalized,
title={A Generalized Similarity Metric for Predicting Peptide Binding Affinity},
author={Rodriguez, Jacob and Rath, Siddharth and Francis-Landau, Jonathan and Demirci, Yekta and {\"U}st{\"u}nda{\u{g}}, Burak Berk and Sarikaya, Mehmet},
journal={bioRxiv},
pages={654913},
year={2019},
publisher={Cold Spring Harbor Laboratory}
}
@article{hu2019epic,
	title={EPIC: MHC-I epitope prediction integrating mass spectrometry derived motifs and tissue-specific expression profiles},
	author={Hu, Weipeng and Qiu, Si and Li, Youping and Liu, Geng and Zhang, Xiuqing and Lee, Leo J},
	journal={Cancer Research},
	volume={79},
	number={13\_Supplement},
	pages={3383--3383},
	year={2019},
	publisher={AACR}
}
@article{alvarez2019nnalign_ma,
	title={NNAlign\_MA; MHC peptidome deconvolution for accurate MHC binding motif characterization and improved T-cell epitope predictions},
	author={Alvarez, Bruno and Reynisson, Birkir and Barra, Carolina and Buus, S{\o}ren and Ternette, Nicola and Connelley, Tim and Andreatta, Massimo and Nielsen, Morten},
	journal={Molecular \& Cellular Proteomics},
	volume={18},
	number={12},
	pages={2459--2477},
	year={2019},
	publisher={ASBMB}
}
@article{garde2019improved,
	title={Improved peptide-MHC class II interaction prediction through integration of eluted ligand and peptide affinity data},
	author={Garde, Christian and Ramarathinam, Sri H and Jappe, Emma C and Nielsen, Morten and Kringelum, Jens V and Trolle, Thomas and Purcell, Anthony W},
	journal={Immunogenetics},
	volume={71},
	number={7},
	pages={445--454},
	year={2019},
	publisher={Springer}
}

@article{hu2019mhc,
	title={MHC-I epitope presentation prediction based on transfer learning},
	author={Hu, Wei Peng and Li, You Ping and Zhang, Xiu Qing},
	journal={Yi Chuan= Hereditas},
	volume={41},
	number={11},
	pages={1041--1049},
	year={2019}
}
@article{riley2019structure,
	title={Structure based prediction of neoantigen immunogenicity},
	author={Riley, Timothy P and Keller, Grant LJ and Smith, Angela R and Davancaze, Lauren M and Arbuiso, Alyssa G and Devlin, Jason R and Baker, Brian M},
	journal={Frontiers in immunology},
	volume={10},
	pages={2047},
	year={2019},
	publisher={Frontiers Media SA}
}
@article{ogishi2019quantitative,
	title={Quantitative prediction of the landscape of T cell epitope immunogenicity in sequence space},
	author={Ogishi, Masato and Yotsuyanagi, Hiroshi},
	journal={Frontiers in immunology},
	volume={10},
	pages={827},
	year={2019},
	publisher={Frontiers Media SA}
}
@article{jokinen2019determining,
	title={Determining epitope specificity of T cell receptors with TCRGP},
	author={Jokinen, Emmi and Huuhtanen, Jani and Mustjoki, Satu and Heinonen, Markus and L{\"a}hdesm{\"a}ki, Harri},
	journal={BioRxiv},
	pages={542332},
	year={2019},
	publisher={Cold Spring Harbor Laboratory}
}
@article{racle2019robust,
	title={Robust prediction of HLA class II epitopes by deep motif deconvolution of immunopeptidomes},
	author={Racle, Julien and Michaux, Justine and Rockinger, Georg Alexander and Arnaud, Marion and Bobisse, Sara and Chong, Chloe and Guillaume, Philippe and Coukos, George and Harari, Alexandre and Jandus, Camilla and others},
	journal={Nature biotechnology},
	volume={37},
	number={11},
	pages={1283--1286},
	year={2019},
	publisher={Nature Publishing Group}
}
@article{mosch2019machine,
	title={Machine learning for cancer immunotherapies based on epitope recognition by T cell receptors},
	author={M{\"o}sch, Anja and Raffegerst, Silke and Weis, Manon and Schendel, Dolores J and Frishman, Dmitrij},
	journal={Frontiers in Genetics},
	volume={10},
	pages={1141},
	year={2019},
	publisher={Frontiers Media SA}
}

@article{wen2020cancer,
	title={Cancer neoantigen prioritization through sensitive and reliable proteogenomics analysis},
	author={Wen, Bo and Li, Kai and Zhang, Yun and Zhang, Bing},
	journal={Nature communications},
	volume={11},
	number={1},
	pages={1--14},
	year={2020},
	publisher={Nature Publishing Group}
}
@article{shi2020deepantigen,
	title={DeepAntigen: a novel method for neoantigen prioritization via 3D genome and deep sparse learning},
	author={Shi, Yi and Guo, Zehua and Su, Xianbin and Meng, Luming and Zhang, Mingxuan and Sun, Jing and Wu, Chao and Zheng, Minhua and Shang, Xueyin and Zou, Xin and others},
	journal={Bioinformatics},
	volume={36},
	number={19},
	pages={4894--4901},
	year={2020},
	publisher={Oxford University Press}
}
@misc{beshnova2020novo,
	title={De novo prediction of cancer-associated T cell receptors for noninvasive cancer detection. Sci. Transl. Med. 12, eaaz3738},
	author={Beshnova, D and Ye, J and Onabolu, O and others},
	year={2020}
}
@article{moore2020improved,
	title={Improved MHC II epitope prediction—a step towards personalized medicine},
	author={Moore, Tamson V and Nishimura, Michael I},
	journal={Nature Reviews Clinical Oncology},
	volume={17},
	number={2},
	pages={71--72},
	year={2020},
	publisher={Nature Publishing Group}
}
@article{mellacheruvu2020precision,
	title={Precision neoantigen discovery using a pan-allelic machine learning model for enabling the development of composite biomarkers and personalized immunotherapy},
	author={Mellacheruvu, Dattatreya and Pyke, Rachel Marty and Abbott, Charles and Phillips, Nick and McClory, Rena and West, John and Chen, Richard and Boyle, Sean Michael},
	journal={Cancer Research},
	volume={80},
	number={16\_Supplement},
	pages={2085--2085},
	year={2020},
	publisher={AACR}
}
@article{springer2020prediction,
	title={Prediction of specific TCR-peptide binding from large dictionaries of TCR-peptide pairs},
	author={Springer, Ido and Besser, Hanan and Tickotsky-Moskovitz, Nili and Dvorkin, Shirit and Louzoun, Yoram},
	journal={Frontiers in immunology},
	pages={1803},
	year={2020},
	publisher={Frontiers}
}

@article{sherafat2020semi,
	title={Semi-supervised learning for somatic variant calling and peptide identification in personalized cancer immunotherapy},
	author={Sherafat, Elham and Force, Jordan and M{\u{a}}ndoiu, Ion I},
	journal={BMC bioinformatics},
	volume={21},
	number={18},
	pages={1--17},
	year={2020},
	publisher={BioMed Central}
}
@article{xie2020mhcherrypan,
	title={MHCherryPan: a novel pan-specific model for binding affinity prediction of class I HLA-peptide},
	author={Xie, Xuezhi and Han, Yuanyuan and Zhang, Kaizhong},
	journal={International Journal of Data Mining and Bioinformatics},
	volume={24},
	number={3},
	pages={201--219},
	year={2020},
	publisher={Inderscience Publishers (IEL)}
}
@article{reynisson2020netmhcpan,
	title={NetMHCpan-4.1 and NetMHCIIpan-4.0: improved predictions of MHC antigen presentation by concurrent motif deconvolution and integration of MS MHC eluted ligand data},
	author={Reynisson, Birkir and Alvarez, Bruno and Paul, Sinu and Peters, Bjoern and Nielsen, Morten},
	journal={Nucleic acids research},
	volume={48},
	number={W1},
	pages={W449--W454},
	year={2020},
	publisher={Oxford University Press}
}
@article{li2020deeprescore,
	title={DeepRescore: leveraging deep learning to improve peptide identification in immunopeptidomics},
	author={Li, Kai and Jain, Antrix and Malovannaya, Anna and Wen, Bo and Zhang, Bing},
	journal={Proteomics},
	volume={20},
	number={21-22},
	pages={1900334},
	year={2020},
	publisher={Wiley Online Library}
}
@article{tran2020personalized,
	title={Personalized deep learning of individual immunopeptidomes to identify neoantigens for cancer vaccines},
	author={Tran, Ngoc Hieu and Qiao, Rui and Xin, Lei and Chen, Xin and Shan, Baozhen and Li, Ming},
	journal={Nature Machine Intelligence},
	volume={2},
	number={12},
	pages={764--771},
	year={2020},
	publisher={Nature Publishing Group}
}
@article{pei2020iconmhc,
	title={IConMHC: a deep learning convolutional neural network model to predict peptide and MHC-I binding affinity},
	author={Pei, Baikang and Hsu, Yi-Hsiang},
	journal={Immunogenetics},
	volume={72},
	number={5},
	pages={295--304},
	year={2020},
	publisher={Springer}
}
@article{saxena2020onionmhc,
	title={OnionMHC: A deep learning model for peptide—HLA-A* 02: 01 binding predictions using both structure and sequence feature sets},
	author={Saxena, Shikhar and Animesh, Sambhavi and Fullwood, Melissa J and Mu, Yuguang},
	journal={Journal of Micromechanics and Molecular Physics},
	volume={5},
	number={03},
	pages={2050009},
	year={2020},
	publisher={World Scientific}
}
@article{venkatesh2020mhcattnnet,
	title={MHCAttnNet: predicting MHC-peptide bindings for MHC alleles classes I and II using an attention-based deep neural model},
	author={Venkatesh, Gopalakrishnan and Grover, Aayush and Srinivasaraghavan, G and Rao, Shrisha},
	journal={Bioinformatics},
	volume={36},
	number={Supplement\_1},
	pages={i399--i406},
	year={2020},
	publisher={Oxford University Press}
}
@article{heng2020pan,
	title={A Pan-specific GRU-based recurrent neural network for predicting HLA-I-binding peptides},
	author={Heng, Yu and Kuang, Zuyin and Huang, Shuheng and Chen, Linxin and Shi, Tingting and Xu, Lei and Mei, Hu},
	journal={ACS omega},
	volume={5},
	number={29},
	pages={18321--18330},
	year={2020},
	publisher={ACS Publications}
}
@article{wardah2020predicting,
	title={Predicting protein-peptide binding sites with a deep convolutional neural network},
	author={Wardah, Wafaa and Dehzangi, Abdollah and Taherzadeh, Ghazaleh and Rashid, Mahmood A and Khan, MGM and Tsunoda, Tatsuhiko and Sharma, Alok},
	journal={Journal of Theoretical Biology},
	volume={496},
	pages={110278},
	year={2020},
	publisher={Elsevier}
}
@article{fischer2020predicting,
	title={Predicting antigen specificity of single T cells based on TCR CDR 3 regions},
	author={Fischer, David S and Wu, Yihan and Schubert, Benjamin and Theis, Fabian J},
	journal={Molecular systems biology},
	volume={16},
	number={8},
	pages={e9416},
	year={2020}
}
@article{reynisson2020improved,
	title={Improved prediction of MHC II antigen presentation through integration and motif deconvolution of mass spectrometry MHC eluted ligand data},
	author={Reynisson, Birkir and Barra, Carolina and Kaabinejadian, Saghar and Hildebrand, William H and Peters, Bjoern and Nielsen, Morten},
	journal={Journal of proteome research},
	volume={19},
	number={6},
	pages={2304--2315},
	year={2020},
	publisher={ACS Publications}
}
@article{sarkizova2020large,
	title={A large peptidome dataset improves HLA class I epitope prediction across most of the human population},
	author={Sarkizova, Siranush and Klaeger, Susan and Le, Phuong M and Li, Letitia W and Oliveira, Giacomo and Keshishian, Hasmik and Hartigan, Christina R and Zhang, Wandi and Braun, David A and Ligon, Keith L and others},
	journal={Nature biotechnology},
	volume={38},
	number={2},
	pages={199--209},
	year={2020},
	publisher={Nature Publishing Group}
}
@article{vielhaben2020usmpep,
	title={USMPep: universal sequence models for major histocompatibility complex binding affinity prediction},
	author={Vielhaben, Johanna and Wenzel, Markus and Samek, Wojciech and Strodthoff, Nils},
	journal={BMC bioinformatics},
	volume={21},
	number={1},
	pages={1--16},
	year={2020},
	publisher={Springer}
}
@article{o2020mhcflurry,
	title={MHCflurry 2.0: improved pan-allele prediction of MHC class I-presented peptides by incorporating antigen processing},
	author={Donnell, Timothy J and Rubinsteyn, Alex and Laserson, Uri},
	journal={Cell systems},
	volume={11},
	number={1},
	pages={42--48},
	year={2020},
	publisher={Elsevier}
}
@article{ng3704016minerva,
	title={MINERVA: Learning the Rules of HLA Class I Peptide Presentation in Tumors with Convolutional Neural Networks and Transfer Learning},
	author={Ng, Felicia SL and Vandenberghe, Michel and Portella, Guillem and Cayatte, Corinne and Qu, Xiaotao and Hanabuchi, Shino and Landry, Aimee and Chaerkady, Raghothama and Yu, Wen and Collepardo-Guevara, Rosana and others},
	year={2020},
	journal={Available at SSRN 3704016}
}
@article{o2020improved,
	title={Improved predictive models for peptide presentation on MHC I},
	author={O’Donnell, Timothy and Rubinsteyn, Alex and Laserson, Uri},
	journal={bioRxiv},
	year={2020}
}
@article{aranha2020prediction,
	title={Prediction of peptide binding to MHC using machine learning with sequence and structure-based feature sets},
	author={Aranha, Michelle P and Spooner, Catherine and Demerdash, Omar and Czejdo, Bogdan and Smith, Jeremy C and Mitchell, Julie C},
	journal={Biochimica et Biophysica Acta (BBA)-General Subjects},
	volume={1864},
	number={4},
	pages={129535},
	year={2020},
	publisher={Elsevier}
}
@article{haj2020high,
	title={High-throughput identification of MHC class I binding peptides using an ultradense peptide array},
	author={Haj, Amelia K and Breitbach, Meghan E and Baker, David A and Mohns, Mariel S and Moreno, Gage K and Wilson, Nancy A and Lyamichev, Victor and Patel, Jigar and Weisgrau, Kim L and Dudley, Dawn M and others},
	journal={The Journal of Immunology},
	volume={204},
	number={6},
	pages={1689--1696},
	year={2020},
	publisher={Am Assoc Immnol}
}
@article{shao2020high,
	title={High-Throughput Prediction of MHC Class I and II Neoantigens with MHCnuggetsHigh-Throughput Prediction of Neoantigens with MHCnuggets},
	author={Shao, Xiaoshan M and Bhattacharya, Rohit and Huang, Justin and Sivakumar, IK and Tokheim, Collin and Zheng, Lily and Hirsch, Dylan and Kaminow, Benjamin and Omdahl, Ashton and Bonsack, Maria and others},
	journal={Cancer immunology research},
	volume={8},
	number={3},
	pages={396--408},
	year={2020},
	publisher={AACR}
}
@article{laimer2020mhcii3d,
	title={MHCII3D—Robust Structure Based Prediction of MHC II Binding Peptides},
	author={Laimer, Josef and Lackner, Peter},
	journal={International journal of molecular sciences},
	volume={22},
	number={1},
	pages={12},
	year={2020},
	publisher={MDPI}
}
@article{abella2020large,
	title={Large-scale structure-based prediction of stable peptide binding to class i hlas using random forests},
	author={Abella, Jayvee R and Antunes, Dinler A and Clementi, Cecilia and Kavraki, Lydia E},
	journal={Frontiers in immunology},
	volume={11},
	pages={1583},
	year={2020},
	publisher={Frontiers Media SA}
}
@article{springer2020prediction,
	title={Prediction of specific TCR-peptide binding from large dictionaries of TCR-peptide pairs},
	author={Springer, Ido and Besser, Hanan and Tickotsky-Moskovitz, Nili and Dvorkin, Shirit and Louzoun, Yoram},
	journal={Frontiers in immunology},
	pages={1803},
	year={2020},
	publisher={Frontiers}
}
@article{tong2020sete,
	title={SETE: Sequence-based Ensemble learning approach for TCR Epitope binding prediction},
	author={Tong, Yao and Wang, Jiayin and Zheng, Tian and Zhang, Xuanping and Xiao, Xiao and Zhu, Xiaoyan and Lai, Xin and Liu, Xiang},
	journal={Computational Biology and Chemistry},
	volume={87},
	pages={107281},
	year={2020},
	publisher={Elsevier}
}
@article{naito2021multi,
	title={A multi-task convolutional deep learning method for HLA allelic imputation and its application to trans-ethnic MHC fine-mapping of type 1 diabetes},
	author={Naito, Tatsuhiko and Suzuki, Ken and Hirata, Jun and Kamatani, Yoichiro and Matsuda, Koichi and Toda, Tatsushi and Okada, Yukinori},
	journal={medRxiv},
	pages={2020--08},
	year={2021},
	publisher={Cold Spring Harbor Laboratory Press}
}
@article{wang2020ineo,
	title={INeo-Epp: a novel T-cell HLA class-I immunogenicity or neoantigenic epitope prediction method based on sequence-related amino acid features},
	author={Wang, Guangzhi and Wan, Huihui and Jian, Xingxing and Li, Yuyu and Ouyang, Jian and Tan, Xiaoxiu and Zhao, Yong and Lin, Yong and Xie, Lu},
	journal={BioMed research international},
	volume={2020},
	year={2020},
	publisher={Hindawi}
}

@article{jin2021deep,
	title={Deep learning pan-specific model for interpretable MHC-I peptide binding prediction with improved attention mechanism},
	author={Jin, Jing and Liu, Zhonghao and Nasiri, Alireza and Cui, Yuxin and Louis, Stephen-Yves and Zhang, Ansi and Zhao, Yong and Hu, Jianjun},
	journal={Proteins: Structure, Function, and Bioinformatics},
	volume={89},
	number={7},
	pages={866--883},
	year={2021},
	publisher={Wiley Online Library}
}
@article{ye2021mathla,
	title={MATHLA: a robust framework for HLA-peptide binding prediction integrating bidirectional LSTM and multiple head attention mechanism},
	author={Ye, Yilin and Wang, Jian and Xu, Yunwan and Wang, Yi and Pan, Youdong and Song, Qi and Liu, Xing and Wan, Ji},
	journal={BMC bioinformatics},
	volume={22},
	number={1},
	pages={1--12},
	year={2021},
	publisher={BioMed Central}
}
@article{liu2021deepseqpanii,
	title={DeepSeqPanII: an interpretable recurrent neural network model with attention mechanism for peptide-HLA class II binding prediction},
	author={Liu, Zhonghao and Jin, Jing and Cui, Yuxin and Xiong, Zheng and Nasiri, Alireza and Zhao, Yong and Hu, Jianjun},
	journal={IEEE/ACM Transactions on Computational Biology and Bioinformatics},
	year={2021},
	publisher={IEEE}
}
@article{you2022deepmhcii,
	title={DeepMHCII: a novel binding core-aware deep interaction model for accurate MHC-II peptide binding affinity prediction},
	author={You, Ronghui and Qu, Wei and Mamitsuka, Hiroshi and Zhu, Shanfeng},
	journal={Bioinformatics},
	volume={38},
	number={Supplement\_1},
	pages={i220--i228},
	year={2022},
	publisher={Oxford University Press}
}
@article{heng2021simple,
	title={A simple pan-specific RNN model for predicting HLA-II binding peptides},
	author={Heng, Yu and Kuang, Zuyin and Xie, Wenzhao and Lan, Haoqi and Huang, Shuheng and Chen, Linxin and Shi, Tingting and Xu, Lei and Pan, Xianchao and Mei, Hu},
	journal={Molecular Immunology},
	volume={139},
	pages={177--183},
	year={2021},
	publisher={Elsevier}
}
@article{xie2021deeplearning,
	title={Deeplearning based MHC epitope prediction for cancer neoantigen discovery},
	author={Xie, Carolyn and Shi, Yu and Zhang, Chi},
	journal={bioRxiv},
	year={2021},
	publisher={Cold Spring Harbor Laboratory}
}

@article{dhusia2021structural,
	title={A structural-based machine learning method to classify binding affinities between TCR and peptide-MHC complexes},
	author={Dhusia, Kalyani and Su, Zhaoqian and Wu, Yinghao},
	journal={Molecular Immunology},
	volume={139},
	pages={76--86},
	year={2021},
	publisher={Elsevier}
}
@article{jiang2021predicting,
	title={Predicting MHC class I binder: existing approaches and a novel recurrent neural network solution},
	author={Jiang, Limin and Yu, Hui and Li, Jiawei and Tang, Jijun and Guo, Yan and Guo, Fei},
	journal={Briefings in Bioinformatics},
	volume={22},
	number={6},
	pages={bbab216},
	year={2021},
	publisher={Oxford University Press}
}
@article{lawrence2021improving,
	title={Improving MHC Class I antigen processing predictions using representation learning and cleavage site-specific kernels},
	author={Lawrence, Patrick J and Ning, Xia},
	journal={bioRxiv},
	year={2021},
	publisher={Cold Spring Harbor Laboratory}
}
@article{junet2021cnn,
	title={CNN-PepPred: an open-source tool to create convolutional NN models for the discovery of patterns in peptide sets—application to peptide--MHC class II binding prediction},
	author={Junet, Valentin and Daura, Xavier},
	journal={Bioinformatics},
	volume={37},
	number={23},
	pages={4567--4568},
	year={2021},
	publisher={Oxford University Press}
}
@article{luu2021predicting,
	title={Predicting TCR-epitope binding specificity using deep metric learning and multimodal learning},
	author={Luu, Alan M and Leistico, Jacob R and Miller, Tim and Kim, Somang and Song, Jun S},
	journal={Genes},
	volume={12},
	number={4},
	pages={572},
	year={2021},
	publisher={MDPI}
}
@article{chu2021transmut,
	title={TransMut: a program to predict HLA-I peptide binding and optimize mutated peptides for vaccine design by the Transformer-derived self-attention model},
	author={Chu, Yanyi and Zhang, Yan and Wang, Qiankun and Zhang, Lingfeng and Wang, Xuhong and Wang, Yanjing and Wang, Jianmin and Jiang, Xue and Salahub, Dennis and Xiong, Yi and others},
	year={2021}
}
@article{gasser2021interpreting,
	title={Interpreting BERT architecture predictions for peptide presentation by MHC class I proteins},
	author={Gasser, Hans-Christof and Bedran, Georges and Ren, Bo and Goodlett, David and Alfaro, Javier and Rajan, Ajitha},
	journal={arXiv preprint arXiv:2111.07137},
	year={2021}
}
@article{refsgaard2021netmhcphospan,
	title={NetMHCphosPan-Pan-specific prediction of MHC class I antigen presentation of phosphorylated ligands},
	author={Refsgaard, Carina Thusgaard and Barra, Carolina and Peng, Xu and Ternette, Nicola and Nielsen, Morten},
	journal={ImmunoInformatics},
	volume={1},
	pages={100005},
	year={2021},
	publisher={Elsevier}
}
@article{dhusia2021structural,
	title={A structural-based machine learning method to classify binding affinities between TCR and peptide-MHC complexes},
	author={Dhusia, Kalyani and Su, Zhaoqian and Wu, Yinghao},
	journal={Molecular Immunology},
	volume={139},
	pages={76--86},
	year={2021},
	publisher={Elsevier}
}
@article{amengual2021netcleave,
	title={NetCleave: an open-source algorithm for predicting C-terminal antigen processing for MHC-I and MHC-II},
	author={Amengual-Rigo, Pep and Guallar, Victor},
	journal={Scientific reports},
	volume={11},
	number={1},
	pages={1--8},
	year={2021},
	publisher={Nature Publishing Group}
}

@article{alzubaidi2021review,
	title={Review of deep learning: Concepts, CNN architectures, challenges, applications, future directions},
	author={Alzubaidi, Laith and Zhang, Jinglan and Humaidi, Amjad J and Al-Dujaili, Ayad and Duan, Ye and Al-Shamma, Omran and Santamar{\'\i}a, Jos{\'e} and Fadhel, Mohammed A and Al-Amidie, Muthana and Farhan, Laith},
	journal={Journal of big Data},
	volume={8},
	number={1},
	pages={1--74},
	year={2021},
	publisher={Springer}
}

@article{marais2020leveraging,
	title={Leveraging spatial textures, through machine learning, to identify aerosols and distinct cloud types from multispectral observations},
	author={Marais, Willem J and Holz, Robert E and Reid, Jeffrey S and Willett, Rebecca M},
	journal={Atmospheric Measurement Techniques},
	volume={13},
	number={10},
	pages={5459--5480},
	year={2020},
	publisher={Copernicus GmbH}
}

@article{weber2021titan,
	title={TITAN: T-cell receptor specificity prediction with bimodal attention networks},
	author={Weber, Anna and Born, Jannis and Rodriguez Mart{\'\i}nez, Mar{\'\i}a},
	journal={Bioinformatics},
	volume={37},
	number={Supplement\_1},
	pages={i237--i244},
	year={2021},
	publisher={Oxford University Press}
}
@article{zhang2021framework,
	title={A framework for highly multiplexed dextramer mapping and prediction of T cell receptor sequences to antigen specificity},
	author={Zhang, Wen and Hawkins, Peter G and He, Jing and Gupta, Namita T and Liu, Jinrui and Choonoo, Gabrielle and Jeong, Se W and Chen, Calvin R and Dhanik, Ankur and Dillon, Myles and others},
	journal={Science Advances},
	volume={7},
	number={20},
	pages={eabf5835},
	year={2021},
	publisher={American Association for the Advancement of Science}
}
@article{jokinen2021predicting,
	title={Predicting recognition between T cell receptors and epitopes with TCRGP},
	author={Jokinen, Emmi and Huuhtanen, Jani and Mustjoki, Satu and Heinonen, Markus and L{\"a}hdesm{\"a}ki, Harri},
	journal={PLoS computational biology},
	volume={17},
	number={3},
	pages={e1008814},
	year={2021},
	publisher={Public Library of Science San Francisco, CA USA}
}

@article{neefjes2011towards,
	title={Towards a systems understanding of MHC class I and MHC class II antigen presentation},
	author={Neefjes, Jacques and Jongsma, Marlieke LM and Paul, Petra and Bakke, Oddmund},
	journal={Nature reviews immunology},
	volume={11},
	number={12},
	pages={823--836},
	year={2011},
	publisher={Nature Publishing Group}
}

@article{moris2021current,
	title={Current challenges for unseen-epitope TCR interaction prediction and a new perspective derived from image classification},
	author={Moris, Pieter and De Pauw, Joey and Postovskaya, Anna and Gielis, Sofie and De Neuter, Nicolas and Bittremieux, Wout and Ogunjimi, Benson and Laukens, Kris and Meysman, Pieter},
	journal={Briefings in Bioinformatics},
	volume={22},
	number={4},
	pages={bbaa318},
	year={2021},
	publisher={Oxford University Press}
}
@article{montemurro2021nettcr,
	title={NetTCR-2.0 enables accurate prediction of TCR-peptide binding by using paired TCR$\alpha$ and $\beta$ sequence data},
	author={Montemurro, Alessandro and Schuster, Viktoria and Povlsen, Helle Rus and Bentzen, Amalie Kai and Jurtz, Vanessa and Chronister, William D and Crinklaw, Austin and Hadrup, Sine R and Winther, Ole and Peters, Bjoern and others},
	journal={Communications biology},
	volume={4},
	number={1},
	pages={1--13},
	year={2021},
	publisher={Nature Publishing Group}
}
@article{luu2021predicting,
	title={Predicting TCR-epitope binding specificity using deep metric learning and multimodal learning},
	author={Luu, Alan M and Leistico, Jacob R and Miller, Tim and Kim, Somang and Song, Jun S},
	journal={Genes},
	volume={12},
	number={4},
	pages={572},
	year={2021},
	publisher={MDPI}
}
@article{kawashima2000aaindex,
	title={AAindex: amino acid index database},
	author={Kawashima, Shuichi and Kanehisa, Minoru},
	journal={Nucleic acids research},
	volume={28},
	number={1},
	pages={374--374},
	year={2000},
	publisher={Oxford University Press}
}

@article{kubick2021predicting,
	title={Predicting epitopes Based on TCR sequence using an embedding deep neural network artificial intelligence approach},
	author={Kubick, Norwin and Mickael, Michel Edwar},
	journal={bioRxiv},
	year={2021},
	publisher={Cold Spring Harbor Laboratory}
}
@article{caitcr,
	title={TCR-epitope binding affinity prediction using multi-head self attention model},
	author={Cai, Michael and Bang, Seojin and Lee, Heewook}
}
@article{jindeep,
	title={Deep convolutional neural network and attention mechanism based pan-specific model for interpretable MHC-I peptide binding prediction},
	author={Jin, Jing and Liu, Zhonghao and Nasiri, Alireza and Cui, Yuxin and Louis, Stephen and Zhang, Ansi and Zhao, Yong and Hu, Jianjun}
}

@article{mill2022neoms,
	title={neoMS: Attention-based Prediction of MHC-I Epitope Presentation},
	author={Mill, Nil Adell and Bogaert, Cedric and van Criekinge, Wim and Fant, Bruno},
	journal={bioRxiv},
	year={2022},
	publisher={Cold Spring Harbor Laboratory}
}
@article{lee2022deep,
	title={Deep learning-based prediction of molecular cancer biomarkers from tissue slides: A new tool for precision oncology},
	author={Lee, Sung Hak and Jang, Hyun-Jong},
	journal={Clinical and Molecular Hepatology},
	year={2022},
	publisher={The Korean Association for the Study of the Liver}
}
@article{li2022hla3d,
	title={HLA3D: an integrated structure-based computational toolkit for immunotherapy},
	author={Li, Xingyu and Lin, Xue and Mei, Xueyin and Chen, Pin and Liu, Anna and Liang, Weicheng and Chang, Shan and Li, Jian},
	journal={Briefings in bioinformatics},
	volume={23},
	number={3},
	pages={bbac076},
	year={2022},
	publisher={Oxford University Press}
}
@article{zhang2022hlab,
	title={HLAB: learning the BiLSTM features from the ProtBert-encoded proteins for the class I HLA-peptide binding prediction},
	author={Zhang, Yaqi and Zhu, Gancheng and Li, Kewei and Li, Fei and Huang, Lan and Duan, Meiyu and Zhou, Fengfeng},
	journal={Briefings in Bioinformatics},
	year={2022}
}

@article{wang2022mhcroberta,
	title={MHCRoBERTa: pan-specific peptide--MHC class I binding prediction through transfer learning with label-agnostic protein sequences},
	author={Wang, Fuxu and Wang, Haoyan and Wang, Lizhuang and Lu, Haoyu and Qiu, Shizheng and Zang, Tianyi and Zhang, Xinjun and Hu, Yang},
	journal={Briefings in Bioinformatics},
	volume={23},
	number={3},
	pages={bbab595},
	year={2022},
	publisher={Oxford University Press}
}
@article{dens2022interpretable,
	title={Interpretable deep learning to uncover the molecular binding patterns determining TCR--epitope interactions},
	author={Dens, Ceder and Bittremieux, Wout and Affaticati, Fabio and Laukens, Kris and Meysman, Pieter},
	journal={bioRxiv},
	year={2022},
	publisher={Cold Spring Harbor Laboratory}
}
@article{marzella2022pandora,
	title={PANDORA: A Fast, Anchor-Restrained Modelling Protocol for Peptide: MHC Complexes.},
	author={Marzella, Dario F and Parizi, Farzaneh M and Renaud, N and Sybrandi, D and Buzatu, R and Rademaker, DT and Hoen't, PAC and Xue, LC and others},
	journal={Frontiers in immunology},
	volume={13},
	pages={878762--878762},
	year={2022},
	publisher={Frontiers Media SA}
}
@article{daumas2022impact,
	title={The Impact of Peptide Flanking Residues on Predicting Peptide-MHC-II Binding Interactions using Convolutional Neural Networks},
	author={Daumas, Tshenolo Thato Eustacia},
	year={2022}
}
@article{chu2022transformer,
	title={A transformer-based model to predict peptide--HLA class I binding and optimize mutated peptides for vaccine design},
	author={Chu, Yanyi and Zhang, Yan and Wang, Qiankun and Zhang, Lingfeng and Wang, Xuhong and Wang, Yanjing and Salahub, Dennis Russell and Xu, Qin and Wang, Jianmin and Jiang, Xue and others},
	journal={Nature Machine Intelligence},
	volume={4},
	number={3},
	pages={300--311},
	year={2022},
	publisher={Nature Publishing Group}
}
@article{bedran2022comprehensive,
	title={A comprehensive library of canonical and non-canonical MHC class I antigens for cancer vaccine development.},
	author={Bedran, Georges and Wang, Tongjie and Pankanin, Dominika and Weke, Kenneth and Laird, Alexander and Battail, Christophe and Zanzotto, Fabio Massimo and Pesquita, Catia and Axelson, Hakan and Rajan, Ajitha and others},
	journal={bioRxiv},
	year={2022},
	publisher={Cold Spring Harbor Laboratory}
}
@article{chen2022predmhc,
	title={PredMHC: An Effective Predictor of Major Histocompatibility Complex Using Mixed Features},
	author={Chen, Dong and Li, Yanjuan},
	journal={Frontiers in Genetics},
	volume={13},
	year={2022},
	publisher={Frontiers Media SA}
}
@article{kocsalouglu2022combined,
	title={Combined assessment of MHC binding and antigen abundance improves T cell epitope predictions},
	author={Ko{\c{s}}alo{\u{g}}lu-Yal{\c{c}}{\i}n, Zeynep and Lee, Jenny and Greenbaum, Jason and Schoenberger, Stephen P and Miller, Aaron and Kim, Young J and Sette, Alessandro and Nielsen, Morten and Peters, Bjoern},
	journal={Iscience},
	volume={25},
	number={2},
	pages={103850},
	year={2022},
	publisher={Elsevier}
}
@article{racle2022machine,
	title={Machine learning predictions of MHC-II specificities reveal alternative binding mode of class II epitopes},
	author={Racle, Julien and Guillaume, Philippe and Schmidt, Julien and Michaux, Justine and Larabi, Am{\'e}d{\'e} and Lau, Kelvin and Perez, Marta AS and Croce, Giancarlo and Genolet, Rapha{\"e}l and Coukos, George and others},
	journal={bioRxiv},
	year={2022},
	publisher={Cold Spring Harbor Laboratory}
}
@article{conev20223phla,
	title={3pHLA-score improves structure-based peptide-HLA binding affinity prediction},
	author={Conev, Anja and Devaurs, Didier and Rigo, Mauricio Menegatti and Antunes, Dinler Amaral and Kavraki, Lydia E},
	journal={Scientific reports},
	volume={12},
	number={1},
	pages={1--11},
	year={2022},
	publisher={Nature Publishing Group}
}

@article{karnaukhov2022predicting,
	title={Predicting TCR-peptide recognition based on residue-level pairwise statistical potential},
	author={Karnaukhov, Vadim K and Shcherbinin, Dmitriy S and Chugunov, Anton O and Chudakov, Dmitriy M and Efremov, Roman G and Zvyagin, Ivan V and Shugay, Mikhail},
	journal={bioRxiv},
	year={2022},
	publisher={Cold Spring Harbor Laboratory}
}
@article{glazer2022naive,
	title={Naive and memory T cells TCR-HLA binding prediction},
	author={Glazer, Neta and Akerman, Ofek and Louzoun, Yoram},
	journal={Oxford Open Immunology},
	year={2022}
}
@article{papadopoulou2022decode,
	title={DECODE: a computational pipeline to discover T cell receptor binding rules},
	author={Papadopoulou, Iliana and Nguyen, An-Phi and Weber, Anna and Mart{\'\i}nez, Mar{\'\i}a Rodr{\'\i}guez},
	journal={Bioinformatics},
	volume={38},
	number={Supplement\_1},
	pages={i246--i254},
	year={2022},
	publisher={Oxford University Press}
}
@article{fang2022attention,
	title={Attention-aware contrastive learning for predicting T cell receptor-antigen binding specificity},
	author={Fang, Yiming and Liu, Xuejun and Liu, Hui},
	journal={bioRxiv},
	year={2022},
	publisher={Cold Spring Harbor Laboratory}
}
@article{borden2022neoscore,
	title={NeoScore integrates characteristics of the neoantigen: MHC class I interaction and expression to accurately prioritize immunogenic neoantigens},
	author={Borden, Elizabeth S and Ghafoor, Suhail and Buetow, Kenneth H and LaFleur, Bonnie J and Wilson, Melissa A and Hastings, K Taraszka},
	journal={The Journal of Immunology},
	volume={208},
	number={7},
	pages={1813--1827},
	year={2022},
	publisher={Am Assoc Immnol}
}
@article{jokinen2022predicting,
	title={Predicting recognition between T cell receptors and epitopes using contextualized motifs},
	author={Jokinen, Emmi and Dumitrescu, Alexandru and Huuhtanen, Jani and Gligorijevi{\'c}, Vladimir and Heinonen, Markus and Mustjoki, Satu and Bonneau, Richard and L{\"a}hdesm{\"a}ki, Harri},
	journal={bioRxiv},
	year={2022},
	publisher={Cold Spring Harbor Laboratory}
}















